2444 4216
455 208 654 278 cremnon
670 210 736 261 ιιι.
752 213 774 261 ι.

520 430 605 490 ODE
624 432 708 492 XVI.

533 569 574 607 AD
587 569 691 610 VARUM

160 666 303 738 Νιιιιιιιι,
316 667 403 738 Vare,
417 667 498 724 saard
511 667 567 725 vite
580 665 659 743 prius
672 669 775 727 severis
788 671 916 728 arborem
994 706 995 711 κ

160 747 250 806 Ciroa
262 747 329 804 mite
340 745 431 803 solum
445 745 572 818 Tiburis
586 758 615 804 et
628 748 732 804 moenia
745 747 846 806 Catili:

160 827 255 885 Sieois
267 826 362 884 omnia
374 844 441 882 nam
455 825 526 882 dura
545 792 625 882 lleus
638 827 794 902 proposuit3
816 846 908 904 neque

160 905 313 964 Mordaees
325 905 406 964 nliter
420 904 571 980 diffugiunt
584 905 795 963 sollicitudines.

157 986 238 1048 Quis
251 995 312 1062 post
325 985 390 1042 vina
402 1002 515 1082 gravem
528 985 656 1042 militiam
670 996 719 1042 eut
731 987 894 1062 pauperiem
907 989 1022 1063 orepatl
1081 989 1101 1046 5

157 1065 238 1127 Quis
251 1084 308 1123 non
320 1075 348 1121 te
362 1060 464 1141 potius,
479 1063 593 1122 Baoobe
606 1075 694 1140 pater,
708 1075 801 1141 teque,
816 1066 922 1124 deeens
936 1067 1069 1124 Venusl

159 1144 203 1201 At
216 1163 253 1202 ne
266 1143 327 1219 quis
340 1143 444 1202 modici
457 1144 595 1201 transiliat
608 1162 726 1201 munera
739 1133 843 1216 Liberi,

158 1222 322 1282 Centaurea
336 1232 432 1280 monet
445 1241 512 1278 eum
525 1221 687 1295 Lapithis'
667 1239 727 1277 rixa
740 1241 823 1297 super
837 1241 913 1280 mero

159 1301 325 1370 Debellate;
346 1310 442 1358 monet
457 1300 595 1356 Sithoniis
608 1319 666 1356 non
680 1299 749 1356 levis
762 1299 859 1373 Baius,

156 1381 261 1443 Quum
275 1381 316 1438 fas
330 1392 413 1454 atque
427 1378 505 1435 nefas
520 1380 621 1454 exiguo
635 1378 690 1435 fine
704 1374 854 1436 libidinum

158 1459 336 1518 Discernunt
349 1458 430 1516 avidi.
470 1457 538 1516 Non
552 1477 605 1534 ego
618 1469 656 1529 te,
670 1457 793 1515 candide
806 1459 955 1536 Bassareu,

159 1539 285 1598 Invitum
299 1538 440 1628 quatiam:
460 1556 516 1595 nee
529 1538 612 1594 variis
626 1537 699 1595 obsit
688 1548 717 1594 ta
730 1537 876 1596 frondibus

159 1619 223 1677 Sub
235 1620 330 1676 divum
343 1617 479 1693 rapiam.
475 1617 581 1673 Saeva
594 1628 660 1674 tene
670 1635 737 1673 oum
751 1617 939 1692 Berecynthio

158 1698 259 1756 Cornu
271 1708 412 1773 tympana,
427 1713 489 1770 quae
502 1696 680 1786 subsequitur
693 1715 786 1754 oaeeus
799 1698 888 1755 Amor
902 1698 955 1771 sui,

157 1777 197 1836 Et
211 1778 311 1836 tollens
323 1795 442 1833 vaenum
456 1772 561 1851 plirs
533 1777 621 1834 nimio
634 1775 731 1834 Gloria
742 1776 885 1850 verticem,
1064 1780 1100 1836 15

157 1857 323 1932 Areunique
334 1855 420 1913 Fides
432 1855 558 1931 prodiga,
571 1855 740 1932 perlucidior
754 1856 831 1914 vitro

509 2169 593 2229 ODE
612 2170 712 2230 XVII.

480 2308 520 2347 AD
540 2309 745 2352 MEGENA'I'EM.

274 2408 351 2466 an
365 2408 474 2484 potabis
488 2409 607 2467 modieis
621 2409 759 2467 Sabinum

274 2488 435 2560 cantharis,
449 2488 551 2545 Graeci
564 2489 640 2562 quod
653 2507 707 2562 ego
720 2488 779 2561 ipse
793 2487 866 2544 testi
939 2547 941 2552 ,

273 2567 429 2624 Conditum
442 2567 507 2636 levi,
521 2567 604 2621 datus
617 2566 647 2621 in
661 2566 770 2622 theatro

432 2643 533 2703 Quum
547 2643 597 2699 tibi
611 2643 735 2718 plausus,

273 2724 349 2785 Care
363 2721 507 2778 Maeeenes
520 2741 615 2797 eques,
629 2733 660 2779 ut
672 2723 783 2799 paterni

273 2802 414 2862 Fluminis
427 2802 502 2876 ripae,
517 2802 599 2859 simul
613 2812 642 2858 et
652 2802 750 2878 joeosa

273 2883 419 2942 Redderet
432 2880 529 2938 laudes
542 2881 594 2940 tibi
607 2882 740 2940 Vaticani

429 2959 536 3017 Montis
550 2960 650 3035 imago.

272 3041 430 3099 Caeenbum
443 3050 472 3095 et
484 3039 569 3113 praelo
583 3039 718 3095 domitam
733 3037 842 3098 Caleno

272 3121 321 3179 'l'u
335 3120 415 3178 bibes
428 3136 527 3175 uvam:
549 3136 612 3173 mea
625 3136 680 3175 nee
693 3117 822 3176 Falernae

270 3199 446 3276 Temperant
459 3197 529 3254 vites
541 3215 633 3272 neque
647 3196 791 3256 Formiani

429 3275 535 3336 Pocula
548 3277 641 3335 eolles.

350 3358 371 3416 2
