2444 4216
368 200 613 251 EPISTOLARUM
630 202 696 251 ΗΒ.
714 203 750 252 Π.
767 205 789 250 2.

132 340 226 406 Qutd
240 362 297 402 nen
309 341 390 419 plura
402 345 476 402 detis
490 345 644 404 invenerit:
666 358 695 404 et
708 346 893 404 temenidem

134 423 218 481 Scire
231 423 322 481 volem
335 419 470 498 quantum
485 424 603 500 simplex
616 425 768 502 hilarisque
781 426 878 502 nepoti

70 528 72 533 ·
135 499 293 577 Discrepet,
307 513 335 558 et
348 499 484 576 quantum
498 503 641 561 discordet
653 524 756 580 percus
769 524 861 562 svare.

133 579 325 652 Distatenim,
339 599 454 657 spargas
467 591 516 638 tua
529 583 671 657 prodigus,
686 601 723 640 nn
737 602 832 659 neque
845 594 987 660 sumptum
1015 585 1071 643 105

134 657 243 726 invitus
257 659 350 731 facias,
365 678 456 734 neque
467 659 548 735 plura
557 679 655 735 parere
669 661 793 731 laberes;

133 734 290 813 Ac-potiirs,
303 757 373 814 puer
387 749 418 795 ut
432 738 509 794 sestis
519 738 746 813 Quinquatribus
759 741 835 814 olim,
859 791 861 794 ,

133 817 245 893 Exiguo
257 829 392 893 gratoque
407 816 507 874 fruaris
519 829 643 893 tempere
658 818 766 892 raptim.

170 899 189 926 “
204 895 356 972 Pauperies
370 895 516 952 immunde
528 897 625 971 procul
638 897 736 972 procui
751 897 836 955 absit:
857 918 921 975 ego,
935 897 1029 958 utrum

130 973 211 1032 Neve
227 974 297 1032 ferar
312 974 415 1050 magni
428 993 465 1031 sn
478 975 573 1049 parve,
588 976 660 1033 ferar
674 993 748 1041 unus
761 986 790 1033 et
801 976 886 1041 idem,
1010 978 1069 1037 200

130 1052 198 1111 Non
209 1056 318 1130 agimur
332 1053 447 1110 tumidis
457 1054 525 1110 velis
537 1054 677 1129 Aquilone
692 1056 834 1125 secund03

129 1131 198 1191 Non
211 1144 307 1190 tamen
321 1131 443 1189 adversis
457 1144 567 1190 aetetem
581 1135 711 1190 ducimus
725 1134 854 1204 Austris;

129 1211 255 1284 Viribus,
268 1211 393 1287 ingenio,
408 1212 511 1286 specie,
527 1213 637 1283 virtute,
651 1213 723 1282 loco,
734 1232 775 1284 re,
800 1263 802 1268 .

129 1290 255 1347 Extremi
269 1291 432 1366 primorum,
446 1290 578 1346 extremis
592 1309 680 1364 usque
693 1291 810 1366 priores.
916 1341 920 1349 f

170 1369 265 1427 “Non
276 1389 307 1425 es
318 1387 432 1424 avarus:
454 1369 507 1425 abi.
542 1370 643 1430 Quidt
664 1381 766 1427 caetera
773 1370 833 1446 jem
844 1369 990 1430 simmiste
1008 1371 1067 1430 205

128 1447 203 1506 Cum
218 1449 284 1506 vitio
298 1445 415 1522 sugere?
435 1459 512 1504 caret
526 1447 577 1506 tibi
591 1460 690 1524 pectus
703 1449 781 1507 inani

130 1527 293 1584 Ambitione
304 1528 316 1582 t
337 1538 414 1584 caret
427 1527 523 1585 mortis
537 1527 695 1600 formidine,
708 1539 737 1587 et
750 1529 812 1587 iret

128 1605 256 1677 Somnia,
269 1617 387 1663 terrores
400 1607 534 1682 magicos,
549 1607 693 1680 miracula,
707 1627 799 1684 sagas,

128 1684 292 1742 Nocturnus
304 1686 426 1742 lemures
439 1697 622 1762 portentaque
636 1686 775 1745 Thessala
788 1688 882 1754 rides?

75 1785 76 1789 ¹
128 1763 245 1822 Natales
258 1763 337 1841 grate
352 1766 503 1828 numeras?
524 1765 647 1842 ignoscis
661 1767 779 1824 nmicisi
1006 1766 1065 1826 210
1119 1779 1120 1782 ’

128 1843 232 1902 Lenior
246 1854 273 1900 et
287 1843 383 1901 melior
397 1843 430 1900 fis
440 1844 593 1903 accedente
607 1847 742 1903 senectbt

125 1922 208 1984 Quid
222 1934 249 1980 te
263 1936 392 1999 exempta
401 1923 479 1998 juvet
490 1924 580 2000 spinis
594 1925 629 1981 de
643 1925 769 2000 pluribus
780 1925 856 1981 unat
941 1965 943 1971 -

128 2001 230 2059 Vivere
244 1999 355 2059 sirecte
369 2002 473 2075 nescis,
487 2004 594 2060 decede
608 2004 712 2087 peritis.
785 2064 787 2068 ,

128 2079 230 2139 Lusisti
245 2079 321 2153 setis,
335 2081 418 2139 edisti
432 2079 500 2138 satis
513 2094 596 2157 atque
611 2082 723 2138 bibisti:

126 2159 256 2237 Tempus
269 2161 346 2218 abire
360 2160 411 2218 t'ibi
425 2170 477 2231 est,
491 2178 527 2218 ne
541 2169 636 2236 potum
651 2157 758 2236 largius
771 2178 851 2238 aequc
1003 2161 1064 2222 215

128 2234 234 2298 Rideat
246 2252 274 2299 et
287 2240 379 2316 pulset
391 2240 495 2313 lesciva
508 2236 656 2299 decentius
666 2241 760 2299 aetns.”
