2444 4216
429 220 631 272 sarrnanUM
648 222 712 272 ΗΒ.
731 224 751 272 l.
768 225 793 272 d.

62 390 68 407 =
161 365 289 422 Setosam
304 365 366 422 laevi
380 364 498 423 frontem
512 379 669 442 turpaverat
681 368 745 425 oris.
815 390 817 395 ·

161 443 340 519 Campanum
353 445 382 501 in
396 445 532 516 morbum,
547 444 577 503 in
592 446 693 509 faciem
704 447 844 523 permulta
853 447 979 524 jocatus,

160 522 304 580 Pastorem
318 524 429 582 saltaret
442 521 483 581 uti
497 525 622 601 Cyclopa
635 527 765 601 rogabat:

160 601 211 659 Nil
225 602 265 659 illi
279 602 355 660 larva
369 614 417 660 aut
429 602 544 679 tragicis
557 622 628 677 opus
642 623 703 661 esse
716 605 868 662 cothurnis.

160 678 253 737 Multa
267 681 394 739 Cicirrus
406 682 443 739 ad
456 683 534 738 hac:
555 683 689 739 donasset
700 683 795 759 jamne
808 695 938 742 catenam
1054 685 1093 743 65

161 759 206 816 Ex
219 772 282 817 voto
295 759 424 833 Laribus,
438 761 598 837 quaerebat:
620 762 712 818 scriba
725 759 802 837 qudd
814 773 898 837 esset,

160 837 291 897 Deterius
304 840 393 897 nihilo
406 840 528 898 dominre
539 840 585 916 jus
598 859 668 897 esse.
708 840 841 916 Rogabat

159 916 291 994 Denique
303 938 355 976 cur
368 937 491 993 unquam
501 918 631 995 ¹fugisset,
645 919 693 976 cui
706 916 775 977 satis
788 938 846 976 una
879 943 881 949 ·

158 995 254 1054 Farris
267 997 339 1055 libra
352 997 431 1070 foret,
446 998 544 1074 gracili
558 998 599 1055 sic
613 1010 725 1074 tamque
737 998 849 1074 pusillo.

159 1074 278 1133 Prorsus
288 1074 415 1152 jucunde
430 1096 540 1134 coenam
554 1079 735 1155 produximus
749 1078 832 1135 illam.
1054 1080 1092 1137 70

198 1154 359 1213 Tendimus
372 1156 439 1213 hinc
452 1157 530 1213 rectd
545 1156 748 1228 Beneventum,
763 1156 811 1212 ubi
825 1157 939 1214 sedulus
953 1158 1053 1234 hospes

157 1231 237 1292 Pend
252 1235 327 1306 arsit,
342 1254 451 1292 macros
465 1236 533 1291 dum
547 1235 643 1292 turdos
657 1235 791 1293 versatio
805 1235 890 1311 igne:

158 1311 189 1370 N
191 1332 236 1370 am
250 1333 324 1389 vaga
337 1332 386 1389 per
400 1324 522 1370 veterem
537 1313 644 1389 dilapso
657 1312 769 1371 flamma
782 1314 906 1371 culinam

157 1390 289 1450 Vulcano
302 1410 444 1449 summum
457 1393 624 1467 properabat
636 1388 759 1450 lambere
773 1404 888 1451 tectum.

157 1471 299 1530 Convivas
312 1469 408 1529 avidos
421 1489 534 1528 coenarn
548 1490 696 1548 servosque
709 1472 841 1531 timentes
1053 1474 1091 1531 75

157 1549 237 1608 Turn
251 1569 358 1626 rapere,
372 1561 456 1626 atque
468 1552 753 1627 omnesrestinguere
767 1552 838 1610 velle
851 1553 966 1611 videres.

197 1629 302 1704 Incipit
315 1649 350 1687 ex
364 1629 411 1688 illo
424 1641 538 1688 montes
544 1632 648 1706 Apulia
662 1631 742 1688 notos

156 1708 308 1767 Ostentare
322 1709 401 1780 mihi,
415 1721 584 1784 quos-torret
598 1710 748 1783 Atabulus,
762 1721 791 1768 et
802 1730 872 1787 quos

155 1787 311 1863 Nunquam
325 1807 495 1864 erepscmus,
510 1789 564 1846 nisi
579 1809 631 1847 nos
644 1790 736 1847 vicina
749 1789 857 1848 Trivici

155 1867 231 1926 Villa
245 1868 405 1944 recepisset,
419 1868 574 1944 lacrymoso
589 1889 646 1927 non
660 1870 721 1926 sine
733 1870 819 1941 sumo,

155 1945 234 2005 Udos
248 1966 312 2004 cum
327 1947 399 2005 foliis
412 1967 504 2006 ramos
518 1959 617 2006 urente
631 1949 751 2006 camino.

194 2026 324 2088 Quarum
338 2027 405 2084 hinc
418 2028 542 2104 rapimur
555 2027 653 2103 viginti
667 2039 696 2086 et
709 2026 797 2084 millia
809 2027 914 2099 rhedis,

155 2103 285 2163 Mansuri
297 2106 430 2182 oppidulo
443 2107 517 2181 quod
531 2125 612 2163 versu
626 2107 721 2163 dicere
734 2125 791 2165 non
805 2117 858 2179 est,

155 2184 253 2260 Signis
264 2185 398 2262 perfacile
412 2196 470 2242 est:
491 2186 567 2242 venit
581 2186 713 2243 vilissima
726 2200 819 2244 rarum

154 2262 216 2321 Hic
229 2283 316 2339 aqua,
337 2266 387 2321 sed
400 2265 482 2340 panis
494 2262 580 2341 longe
593 2265 809 2341 pulcherrimus,
823 2263 895 2323 ultrd

153 2342 283 2401 Callidus
297 2354 328 2401 ut
341 2343 430 2402 soleat
443 2344 566 2403 humeris
579 2357 689 2421 portare
702 2345 808 2404 viator:

152 2421 232 2480 Nam
245 2421 352 2480 Canusi
365 2424 517 2500 lapidosus,
532 2442 611 2499 aquae
624 2443 682 2481 non
697 2425 779 2481 ditior
792 2442 879 2491 urna;

152 2501 216 2563 Qui
230 2502 309 2558 locus
323 2521 340 2558 a
353 2501 415 2559 sorti
429 2502 568 2559 Diomede
581 2514 624 2560 est
637 2503 768 2559 conditus
781 2502 856 2559 olim.

152 2580 304 2638 Flentibus
318 2579 365 2636 hic
378 2581 482 2637 Varius
496 2581 617 2636 discedit
630 2591 746 2636 moestns
760 2578 866 2638 amicis.

194 2656 267 2716 Inde
282 2657 384 2715 Rubos
397 2658 462 2714 fessi
475 2659 662 2732 pervenimus,
676 2670 770 2735 utpote
784 2661 898 2736 longum

153 2738 312 2814 Carpentes
326 2738 386 2808 iter,
400 2747 429 2793 et
443 2737 547 2795 sactum
561 2739 717 2814 corruptius
731 2739 821 2796 imbri.

153 2819 271 2877 Postera
283 2827 433 2893 tempestas
441 2817 559 2886 'melior3
581 2819 625 2875 via
637 2818 716 2894 pejor,
728 2819 763 2876 ad
777 2838 866 2894 usque

154 2896 221 2956 Bari
235 2897 340 2954 moenia
352 2897 463 2972 piscosi.
504 2896 617 2955 Dehinc
630 2898 745 2970 Gnatia,
759 2898 879 2974 lymphis

153 2976 237 3035 Iratis
251 2987 400 3049 exstructa,
415 2977 493 3037 dedit
506 2977 633 3051 risusque
644 2976 796 3051 jocosque;
866 3006 869 3011 ,

155 3055 241 3129 Dum,
256 3056 368 3113 flamma
382 3057 453 3127 sine,
468 3058 550 3113 thura
562 3056 718 3130 liquescere
731 3056 829 3114 limine
843 3073 924 3114 sacro

154 3135 327 3193 Persuadere
340 3137 434 3212 cupit:
456 3135 552 3191 credat
565 3133 583 3190 J
586 3135 683 3190 udaeus
697 3133 807 3210 Apella,
981 3183 983 3187 ,

105 3279 107 3285 ,
154 3214 221 3274 Non
236 3234 305 3292 eg03
326 3233 447 3291 namque
462 3214 530 3271 deos
543 3213 631 3270 didici
645 3232 776 3271 securum
788 3233 873 3291 agere
887 3232 995 3285 aarum3

155 3293 184 3351 N
185 3314 228 3367 ec,
242 3295 266 3352 si
279 3295 346 3370 quid
359 3294 423 3352 miri
437 3294 521 3351 faciat
534 3303 644 3364 natura,
658 3294 726 3352 deos
739 3294 768 3351 id

154 3372 265 3432 Tristes
278 3393 314 3430 ex
326 3372 382 3431 alto
395 3373 460 3430 cosli
473 3373 620 3431 demittere
634 3383 716 3431 tecto.

155 3451 346 3512 Brundusium
360 3453 451 3530 longe
464 3453 530 3510 finis
542 3453 700 3529 chartaque
714 3452 833 3529 viaque.
1032 3449 1088 3506 llll)
