2444 4216
150 205 206 281 tw
470 204 501 259 Q.
517 203 660 252 Hortarii
675 204 798 252 macer
875 233 880 241 r

189 343 238 402 Me
251 345 458 413 constaremibi
472 345 536 416 scis,
550 355 579 401 et
592 345 736 401 discedere
750 345 867 418 tristem,

187 423 422 498 Quandocuuque
435 424 549 480 trabunt
561 423 650 479 invisa
661 424 776 498 negotia
789 423 919 481 Romam,

188 501 255 559 Non
269 504 366 560 eadem
381 502 528 570 miramur3
549 498 584 572 ed
597 501 771 558 disconvenit
784 503 856 558 inter

189 579 292 656 Meque
304 592 333 637 et
344 591 387 636 te:
408 598 484 649 nam,
497 597 559 654 quae
573 580 682 635 deserta
695 589 723 636 et
736 580 874 655 inhospita
887 592 985 655 tesqua

188 659 297 730 Credis,
311 677 420 714 amoena
433 669 513 715 vocat
526 676 637 715 mecum
651 657 698 731 qui
712 658 804 729 sentit,
818 670 846 715 et
859 660 918 717 odit
1074 659 1115 718 20

190 739 264 800 Quae
277 750 307 795 tu
320 737 436 812 pulchra
448 747 537 810 putas.
578 733 684 793 Fornix
696 735 747 791 tibi
759 746 788 793 et
800 747 887 795 uncta
898 738 1002 814 popina

188 817 333 876 Incutiunt
346 815 423 871 urbis
436 814 614 885 desiderium,
629 814 723 882 video;
744 825 772 872 et
784 812 858 889 qudd
930 844 936 864 ι

190 895 318 970 Angulus
332 894 384 950 iste
399 893 468 950 feret
481 892 558 967 piper
572 903 600 948 et
613 893 678 948 thus
691 889 772 949 ociirs
784 894 856 963 uvd;

187 975 251 1032 Nec
264 972 357 1029 vicina
370 971 474 1041 subest,
488 971 583 1026 vinum
596 971 719 1044 prebere
733 972 849 1028 taberna
867 992 869 996 ·
883 1012 886 1018 .

166 1062 168 1071 ’
186 1054 261 1115 Quae
274 1051 360 1127 possit
373 1051 440 1118 tibi3
461 1067 516 1105 uec
529 1048 659 1105 meretrix
672 1048 798 1120 tibicina,
811 1050 893 1126 cujus

187 1133 234 1190 Ad
248 1130 391 1204 strepitum
406 1128 487 1187 salias
500 1139 580 1183 terrae
591 1128 690 1202 gravis.
730 1127 767 1185 Et
780 1140 872 1185 tamen
887 1146 970 1205 urges
991 1141 994 1147 ’

188 1210 205 1267 J
207 1209 360 1285 ampridem
374 1226 431 1264 non
444 1217 519 1262 tacta
531 1205 671 1280 ligonibus
685 1225 758 1278 arva,
772 1207 924 1283 bovemque

188 1289 368 1364 Disjunctum
382 1305 473 1355 curae,
488 1295 517 1341 et
530 1283 632 1341 strictis
646 1284 790 1344 frondibus
800 1286 909 1362 exples:
924 1293 925 1296 ’
992 1290 994 1296 ’

189 1367 278 1424 Addit
290 1385 360 1441 opus
373 1364 452 1439 pigro
466 1363 549 1432 rivus,
564 1362 588 1418 si
601 1362 707 1420 decidit
720 1364 818 1436 imber,
830 1408 833 1413 .

188 1445 279 1502 Multa
293 1444 365 1500 mole
379 1442 523 1502 docendus
535 1440 629 1515 aprico
642 1461 758 1516 parcere
769 1455 857 1518 prato.

227 1523 323 1594 Nunc,
335 1541 396 1597 age,
409 1521 476 1596 quid
490 1530 613 1577 nostrum
628 1531 796 1577 concentum
810 1522 924 1596 dividat,
939 1523 1012 1580 audi.

188 1602 284 1663 Quem
297 1612 396 1657 tenues
409 1597 531 1656 decuere
545 1609 617 1674 togae
631 1599 767 1674 nitidique
781 1600 886 1675 capilli,

188 1680 284 1741 Quem
297 1677 371 1736 ndsti
386 1678 511 1734 bibulum
524 1677 618 1734 medii
632 1678 667 1734 de
681 1678 744 1735 luce
757 1676 880 1750 Falerni,

188 1758 278 1815 Coena
291 1757 380 1814 brevis
391 1756 477 1832 juvat,
491 1767 519 1813 et
532 1775 616 1831 prope
630 1757 719 1812 rivum
733 1776 847 1814 somnus
860 1758 890 1814 in
904 1758 1007 1815 berbd:

189 1836 254 1895 Nec
267 1837 365 1894 lusisse
378 1836 473 1911 pudet,
489 1835 537 1890 sed
551 1853 608 1890 non
623 1835 747 1891 incidere
760 1835 866 1893 ludum.

188 1915 254 1974 Non
269 1915 352 1974 isthic
365 1914 476 1991 obliquo
489 1913 571 1970 oculo
583 1932 646 1969 mee
659 1915 807 1971 commoda
819 1914 965 1988 quisquam

189 1995 297 2064 Limat3
319 2013 375 2051 non
388 1994 453 2050 odic
465 1992 584 2051 obscuro
596 2010 744 2067 morsuque
757 2004 884 2051 venenat.
963 2001 965 2006 ’

190 2073 297 2129 Rident
310 2072 394 2129 vicini
407 2072 503 2147 glebas
516 2082 544 2129 et
557 2089 625 2128 saxa
638 2082 803 2128 moventem.

189 2151 263 2207 Cum
277 2150 362 2207 servis
376 2150 483 2206 urbana
497 2150 585 2206 diaria
598 2151 695 2207 rodere
708 2150 814 2220 mavis;

112 2265 115 2274 ·
190 2228 299 2286 Horum
312 2239 342 2284 tu
356 2228 385 2284 in
399 2245 545 2283 numerum
561 2239 623 2287 voto
637 2229 702 2284 ruis.
743 2227 855 2285 Invidet
867 2246 950 2286 usum

190 2307 343 2383 Lignorum
356 2318 384 2363 et
397 2305 505 2381 peeoris
518 2306 568 2362 tibi
583 2306 643 2363 calo
657 2318 771 2382 argutus
784 2319 812 2363 et
825 2307 905 2364 horti.

189 2385 277 2462 Optat
289 2385 418 2462 ephippia
431 2384 480 2443 bos
492 2385 586 2460 piger;
606 2394 683 2459 optat
697 2403 774 2442 arare
788 2385 922 2442 caballus.

189 2464 285 2525 Quam
299 2465 352 2522 scit
364 2475 489 2538 uterque,
503 2463 602 2536 libens,
616 2464 747 2537 censebo,
762 2474 893 2522 exerceat
906 2475 1003 2523 artem.

398 2763 401 2770 ’
431 2738 433 2745 ’
485 2778 686 2836 svtsroua
707 2745 784 2837 xv:

467 2912 506 2952 nn
520 2886 683 2976 nonomen
697 2914 805 2952 vanam.

189 3016 278 3077 Quen
292 3015 328 3072 sit
342 3015 432 3071 hiems
444 3013 543 3085 Velia,
557 3015 631 3088 quod
645 3015 762 3087 coelum,
771 3013 852 3085 Vela,
867 3015 985 3086 Salerni,

189 3094 319 3155 Quorum
334 3092 479 3150 bominum
493 3093 579 3168 regio,
593 3104 622 3150 et
635 3094 778 3168 qualisvis
790 3114 796 3150 :
818 3092 895 3168 (nam
909 3093 978 3149 mihi
991 3093 1078 3152 Baias

191 3170 273 3228 Musa
285 3190 470 3247 supervacuas
483 3171 635 3243 Antonius
649 3183 678 3229 et
691 3183 784 3229 tamen
798 3171 851 3227 illis

190 3249 239 3307 Me
253 3251 319 3306 facit
333 3250 462 3320 invisum,
476 3249 569 3324 gelidai
582 3269 668 3322 quum
681 3249 791 3324 perluor
804 3247 880 3304 undd

190 3329 243 3386 Per
257 3329 380 3385 medium
395 3329 497 3403 frigus:
519 3324 587 3383 saud
602 3339 720 3402 myrteta
732 3326 861 3400 relinqui,

190 3407 328 3482 Dictaque
343 3417 499 3463 cessantem
513 3405 604 3462 nervis
618 3406 721 3462 elidere
734 3405 862 3461 morbum

191 3487 330 3561 sulphura
344 3485 495 3555 contemni,
509 3483 696 3558 vicus-gemit,
710 3482 820 3540 invidus
833 3486 914 3560 agris

190 3565 250 3626 Qui
265 3576 348 3640 caput
362 3575 390 3620 et
403 3563 575 3619 stomachum
589 3580 743 3636 supponere
758 3561 881 3620 sontibus
894 3566 999 3623 audent

191 3643 324 3712 Clusinis,
339 3641 498 3714 Gabiosque
511 3651 609 3716 petunt
621 3650 649 3697 et
662 3640 761 3715 frigida
775 3658 856 3700 rura:

192 3719 346 3779 Mutandus
359 3720 437 3778 locus
451 3731 503 3793 est,
516 3731 545 3778 et
558 3718 707 3778 diversoria
719 3729 786 3778 uota
870 3781 872 3787 ,
