2444 4216
489 191 521 246 o.
538 186 681 239 nonam
698 188 820 254 nmccr

501 409 699 468 EPISTOLA
720 408 817 468 XIX„

526 549 565 586 An
579 542 781 587 MAE'GENA'I'EM.

208 646 318 706 l’nrsco
331 649 354 706 si
368 649 469 719 credis,
483 648 732 719 Maecenasdocte‚
746 648 870 716 Cratino,
964 683 965 687 =
1025 674 1045 711 ⁴·

208 726 295 784 Nulla
307 727 417 803 placere
432 728 480 784 diu
494 746 547 785 nec
561 728 653 784 vivere
666 726 791 783 carmina
799 730 927 802 possunt,

205 806 282 866 Quae
296 807 455 864 scribuntur
468 825 546 880 aquae
559 806 715 882 potoribus:
737 817 768 861 ut
780 803 852 863 male
867 823 949 862 sanos
978 862 982 875 ,

209 884 366 960 Adscripsit
380 885 464 941 Liber
478 885 585 960 Satyris
599 884 759 958 Faunisque
773 888 878 958 poetas,
929 919 933 928 -

208 962 284 1020 Vina
297 960 355 1020 fere
369 965 467 1020 dulces
479 964 608 1021 oluerunt
621 959 704 1019 mand
715 962 871 1019 ,Camoenaa

207 1039 351 1099 Laudibus
365 1041 488 1118 arguitur
502 1042 559 1098 vini
573 1041 683 1099 vinosus
697 1041 855 1098 Homerus:

207 1119 317 1178 Ennius
330 1121 389 1196 ipse
402 1132 479 1197 pater
493 1139 645 1196 nunquam,
660 1120 713 1176 nisi
727 1131 817 1194 potus,
832 1121 865 1187 ad
881 1139 958 1177 arma
1032 1113 1036 1122 ’

98 1245 108 1255 .
207 1196 338 1256 Prosiluit
351 1200 479 1257 dicenda
492 1226 494 1232 ⁴
521 1204 538 1229 ‘⁴
548 1198 653 1256 Forum
665 1198 812 1273 putealque
826 1197 942 1255 Libonis

207 1274 350 1336 Mandabo
362 1279 456 1351 siccis,
471 1279 592 1336 adimam
605 1288 719 1336 cantare
733 1276 861 1333 severis.''
917 1301 920 1306 ¹

246 1356 310 1414 Hoc
324 1358 406 1414 simul
420 1357 516 1429 edixit,
530 1376 587 1414 non
602 1354 746 1414 cessavere
761 1359 851 1430 poetae

207 1433 353 1493 Nocturna
367 1447 473 1494 certare
487 1455 573 1506 mero,
587 1446 683 1510 putere
698 1435 817 1492 diurno.r

203 1513 295 1585 Quid,
310 1515 333 1571 si
347 1515 409 1590 quis
422 1516 499 1571 vultu
512 1526 589 1572 torvo
603 1516 678 1571 serus
692 1525 719 1570 et
733 1515 803 1589 pede
817 1515 893 1571 nudo

207 1591 377 1667 Eriguaeque
386 1605 457 1669 togae
470 1593 583 1650 simulet
596 1604 705 1666 textore
716 1593 862 1664 Catonem,

206 1670 384 1728 Virtutemno
397 1683 576 1747 repraesentet
588 1691 733 1746 moresque
748 1671 884 1728 Catonisl

206 1750 295 1825 Rupit
308 1749 440 1807 Iarbitam
455 1751 620 1826 Timagenis
635 1750 853 1825 aemulaflingua

205 1827 281 1885 Dum
294 1830 387 1886 studet
400 1831 533 1899 urbanus,
547 1829 690 1903 tenditque
703 1829 823 1885 disertus
836 1830 939 1892 haberi.

206 1908 319 1985 Decipit
331 1909 472 1985 exemplar
486 1909 558 1966 vitiis
572 1908 720 1965 imitabile:
741 1903 816 1981 quod
831 1908 854 1963 si

206 1986 343 2044 Pallerem
357 2007 434 2061 casu,
449 1988 575 2045 biberent
588 2005 729 2062 exsangue
743 1985 895 2043 cuminum.
906 2015 917 2032 ··

204 2067 233 2123 Ο
246 2067 406 2138 imitatores,
418 2087 526 2124 servum
541 2085 637 2143 pecus,
650 2076 681 2142 ut
694 2065 761 2122 mihi
775 2060 849 2140 saepd

205 2145 304 2216 Bilem,
319 2141 392 2219 saepe
404 2145 509 2220 jocum,
524 2146 606 2203 vestri
620 2143 731 2203 movere
745 2145 895 2202 tumultus!

243 2224 345 2281 Libera
358 2242 407 2298 per
420 2242 538 2283 vacuum
553 2226 632 2298 posui
646 2224 761 2299 vestigia
774 2224 918 2298 princeps3

204 2302 271 2360 Non
286 2302 376 2359 aliena
389 2321 452 2359 meo
465 2302 552 2377 pressi
566 2302 645 2376 pede,
685 2303 745 2363 Qui
760 2303 811 2358 sibi
826 2302 894 2373 fidit,

204 2382 271 2438 Dux
283 2382 354 2458 regit
367 2400 493 2456 examen.
519 2391 521 2396 '
534 2381 629 2438 Parios
642 2400 695 2456 ego
708 2381 811 2457 primus
825 2381 931 2438 iambos

202 2460 324 2534 Ostendi
338 2461 428 2533 Latio,
441 2479 573 2518 numeros
586 2460 746 2535 animosque
761 2471 894 2534 sequutus

204 2541 378 2612 Archilochi,
392 2554 457 2596 non'
465 2559 510 2596 res
524 2550 553 2596 et
566 2539 678 2614 agentia
691 2539 774 2595 verba
786 2538 956 2613 Lycamben.

205 2618 260 2690 Ac,
273 2629 369 2677 neme
384 2618 457 2676 soliis
471 2619 534 2676 ideo
549 2618 719 2675 brevioribus
731 2637 814 2675 ornes

202 2695 293 2759 Quod
306 2697 387 2754 timui
401 2707 509 2754 mutare
522 2698 619 2754 modos
633 2708 661 2754 et
675 2697 806 2764 carminis
821 2708 916 2769 artem,

204 2775 357 2852 Temperat
370 2776 533 2845 Archilochi
548 2775 659 2851 Musam
673 2776 743 2851 pede
757 2777 881 2832 mascula
895 2778 1017 2852 Sappho,

204 2854 358 2931 Temperat
371 2855 502 2911 Alcaeus:
524 2855 574 2912 sed
587 2855 669 2910 rebus
683 2865 711 2910 et
724 2855 821 2911 ordine
835 2855 944 2930 dispar;

204 2933 268 2991 Nec
281 2952 409 2992 socerum
422 2933 529 3008 quaerit,
542 2952 625 3008 quem
639 2934 762 2989 versibus
774 2934 882 2990 oblinat
895 2936 960 2992 atris
971 2955 978 3004 ;

205 3011 269 3069 Nec
282 3033 389 3089 sponeae
403 3013 532 3088 laqueum
547 3013 651 3070 famoso
663 3012 788 3069 carmine
802 3013 897 3070 nectit.

206 3089 293 3147 Hunc
306 3112 368 3168 ego,
382 3112 439 3149 non
454 3093 510 3150 alio
523 3092 630 3149 dictum
644 3090 720 3167 priris
733 3111 791 3163 ore,
805 3091 913 3149 Latinis

205 3168 325 3244 Vulgari
339 3171 457 3228 fidicen:
475 3171 554 3246 juvat
566 3171 757 3251 immemorata
771 3171 904 3228 ferentem

206 3246 341 3322 Ingenuis
353 3250 497 3324 oculisque
512 3249 577 3324 legi,
587 3250 769 3323 manibusque
783 3251 881 3306 teneri.

246 3327 324 3383 Scire
339 3328 407 3384 velis
419 3346 483 3385 mea
495 3346 545 3383 cur
559 3328 683 3402 ingratus
696 3329 830 3403 opuscula
843 3329 929 3386 lector

206 3404 316 3463 Laudet
329 3417 456 3481 ametque
471 3405 555 3477 dorni,
569 3417 676 3480 premat
688 3417 766 3463 extra
778 3405 865 3463 limen
879 3407 1008 3482 iniquusl

206 3482 274 3541 Non
288 3503 340 3560 ego
354 3495 474 3542 ventosae
486 3483 576 3561 plebis
589 3485 719 3559 suffragia
733 3503 817 3541 venor

208 3560 345 3639 Impensis
358 3582 501 3620 cannarum
514 3574 542 3621 et
555 3562 625 3619 tritae
638 3581 754 3619 munere
767 3565 863 3631 vestis3

208 3639 276 3698 Non
289 3661 350 3719 ego,
364 3642 499 3699 nobilium
513 3642 677 3718 scriptorum
690 3641 798 3698 auditor
811 3653 839 3700 et
853 3643 934 3718 ultor,

207 3719 412 3780 Grammaticas
425 3719 530 3780 ambire
541 3719 632 3807 pibus
645 3731 674 3778 et
686 3720 791 3802 pulpita
804 3723 917 3799 digno'r:

1098 3725 1136 3783 40
