2444 4216
375 203 573 260 GARMINUM
589 204 655 253 LIB.
673 206 708 255 ll.

210 351 336 430 Rapacis
348 349 418 407 Orci
431 349 488 418 fine
501 349 650 423 destinstd,

367 429 443 486 Aula
456 429 571 486 divitem
585 439 681 489 manet
723 445 725 448 ·

211 509 329 568 Herum.
361 507 443 570 Quid
457 506 530 565 ultrd
543 509 656 567 teudisl
689 507 878 586 AEquatellus

139 599 140 603 ’
364 588 485 662 Pauperi
499 588 653 646 recluditur

211 669 381 746 Regumque
394 667 506 742 pueris:
525 685 581 724 nec
593 667 703 724 satelles
716 667 786 729 Orci

366 745 508 803 Callidum
522 745 690 804 Promethea

210 826 341 899 Revexit‚
355 845 423 882 auro
437 835 543 902 captus.
585 824 643 882 Hic
656 826 805 900 superbum
843 889 851 912 ι
921 848 923 855 ⁴

366 904 521 961 Tantalum
535 916 618 980 atque
633 904 748 962 Tantali

211 986 310 1044 Genus
323 987 450 1042 coercet:
471 984 518 1040 hic
533 984 625 1042 levare
639 982 767 1042 functum

366 1063 522 1140 Pauperem
536 1063 688 1135 laboribus,

211 1145 337 1203 Vocatus
350 1154 432 1219 atque
440 1162 504 1218 nou
517 1153 642 1214 vocatus,
656 1142 742 1199 audit,

451 1451 534 1512 ODE
554 1445 638 1513 XVI.
741 1454 743 1459 ⁴

445 1592 479 1632 IN
493 1591 644 1632 BACCHUM.

213 1697 360 1754 Brocnnru
374 1694 404 1751 in
418 1693 532 1750 remotis
545 1693 672 1752 carmina
685 1696 801 1775 rupibus
814 1740 815 1744 ,

213 1776 281 1833 Vidi
295 1777 444 1831 docentem
460 1770 590 1849 (credite,
604 1776 740 1854 posteri),

253 1854 453 1931 Nymphasque
467 1853 621 1925 discentes,
635 1866 663 1912 et
676 1875 759 1916 aures

289 1934 479 2010 Capripedum
495 1933 657 2006 Satyrorum
672 1946 778 1992 acutas.

212 2013 304 2072 Evoe!
326 2012 434 2071 recenti
448 2030 528 2068 mens
542 2012 663 2086 trepidat
676 2025 763 2086 metu,

211 2094 354 2167 Plenaque
368 2090 475 2149 Bacchi
489 2101 602 2167 pectore
616 2090 760 2153 turbidum

250 2172 392 2248 Laetaturl
427 2169 519 2227 Evoel
539 2188 634 2247 parce,
648 2171 750 2231 Liberi

290 2251 388 2323 Parce,
403 2248 480 2326 gravi
495 2252 646 2310 metuende
660 2253 770 2329 thyrsol
859 2268 861 2298 ῑ

212 2330 269 2389 Fas
282 2331 442 2408 pervicaces
456 2340 499 2388 est
512 2331 581 2387 mihi
597 2330 753 2406 Thyiadas,

213 2411 336 2486 Vinique
351 2411 465 2482 fontem,
479 2409 561 2467 lactis
574 2422 603 2467 et
616 2411 717 2474 uberes

251 2490 374 2547 Cantare
387 2490 470 2560 rivos,
481 2502 565 2563 atque
578 2491 687 2546 truncis

290 2567 383 2642 Lapsa
396 2569 473 2624 cavis
487 2567 588 2624 iterare
602 2564 694 2623 mella.

213 2645 270 2704 Fas
284 2656 312 2702 et
325 2646 414 2701 beatae
429 2644 557 2720 conjugis
571 2644 697 2703 additum

213 2725 308 2784 Stellis
322 2724 466 2795 honorem,
480 2735 609 2799 tectaque
623 2723 745 2784 Penthai'

251 2804 377 2879 Disjecta
390 2823 447 2861 non
461 2803 518 2863 leni
532 2804 624 2877 ruiud,

291 2883 413 2941 Thracis
426 2894 455 2940 et
468 2884 584 2942 exitium
598 2885 735 2961 Lycurgi,

212 2964 261 3022 Tu
275 2963 365 3029 flectis
379 2981 486 3034 amnes,
500 2975 531 3021 tu
546 2982 622 3020 mare
636 2965 801 3022 barbarum·

212 3044 261 3102 Tu
275 3043 408 3120 separatis
422 3043 522 3099 uvidus
535 3043 566 3098 iu
577 3043 662 3117 jugis,

250 3123 336 3181 Nodo
350 3126 467 3180 coerces
480 3121 605 3197 viperino

293 3202 471 3261 Bistonidum
486 3201 547 3258 sine
562 3201 658 3259 fraude
672 3203 780 3261 crines;
875 3263 878 3271 ,

132 3345 134 3350 ‚
212 3283 270 3354 Tu,
283 3302 368 3358 quum
383 3281 507 3357 parentis
520 3300 608 3357 regna
620 3302 669 3358 per
683 3283 801 3341 arduum

213 3362 322 3420 Cohors
335 3360 490 3438 Gigantirm
504 3362 652 3419 scanderet
664 3362 760 3439 impia,

251 3441 388 3499 Rhoetum
403 3440 537 3499 retorsisti
550 3442 640 3499 leonis

291 3520 635 3597 Unguibushorribilique
650 3519 740 3591 mald3

213 3599 394 3675 Quanquam,
409 3601 518 3658 choreis
538 3601 626 3676 aptior
640 3610 668 3655 et
678 3599 750 3674 jocis

214 3678 350 3754 Ludoque
363 3680 464 3755 dictus,
479 3700 536 3739 non
550 3690 593 3738 sat
606 3679 724 3737 idonens
