2444 4216
442 217 739 266 >centimetrum
757 219 778 266 l.
1059 225 1103 282 -17

205 365 297 424 Mixto
310 381 408 420 senum
422 381 456 419 ac
466 363 600 438 juvenum
616 363 770 420 densentur
785 363 885 422 funera
893 384 902 437 3
923 364 1031 424 nullum

362 443 441 498 Saeva
455 452 539 516 caput
553 441 719 516 Proserpina
734 442 813 517 sugit.
1063 444 1103 502 20

205 523 255 582 Me
268 540 377 598 quoque
392 521 489 577 devexi
504 520 617 594 rapidus
631 539 726 577 comes
740 520 856 579 Orionis

361 599 480 674 Illyricis
494 597 586 655 Notus
600 599 692 655 obruit
706 601 798 658 undis.

205 681 245 740 At
258 691 298 752 tu,
313 690 408 748 nauta,
423 696 500 752 vage
515 697 550 734 ne
564 695 648 752 parce
662 679 802 754 malignus
814 698 908 738 arenae

361 756 483 814 Ossibus
496 768 525 813 et
537 757 622 831 capiti
637 757 783 816 inhumato

205 837 373 897 Particulam
388 837 471 892 dare:
493 836 544 908 sic,
557 836 745 910 quodeunque
758 838 910 903 minabitur
924 836 1017 897 Eurus
1063 839 1103 896 25

361 915 508 972 Fluctibus
522 914 678 993 Hesperiis,
693 916 846 973 Venusinae

205 996 366 1054 Plectantur
381 995 468 1066 suvae,
482 1005 510 1051 te
523 996 642 1070 sospite;
664 995 807 1070 multaque
822 1014 939 1070 merces,

360 1074 443 1132 Unde
454 1085 555 1148 potest,
570 1075 621 1131 tibi
635 1074 741 1132 defluat
755 1094 834 1149 aequo

205 1155 253 1212 Ab
263 1153 343 1226 Jove,
356 1153 547 1228 Neptunoque
561 1154 633 1208 sacri
647 1155 763 1210 custode
777 1153 913 1211 Tarenti!

359 1232 490 1306 Negligis
505 1232 652 1287 immeritis
665 1233 823 1288 nocituram
1065 1235 1104 1293 30

204 1312 354 1370 Postmodo
368 1321 395 1366 te
410 1310 483 1365 natis
498 1310 623 1365 fraudem
638 1310 832 1366 committere?
866 1309 936 1368 Fors
949 1324 977 1370 et

181 1455 184 1463 Ι
361 1387 464 1444 Debita
474 1388 539 1462 jura
553 1389 682 1462 vicesque
696 1390 823 1463 superbae

205 1468 251 1527 Te
265 1479 399 1526 maneant
413 1468 520 1542 ipsum:
541 1468 673 1541 precibus
687 1486 745 1524 non
759 1468 868 1542 linquar
882 1468 995 1539 inultis3

361 1545 461 1619 Teque
474 1545 586 1620 piacula
599 1546 677 1602 nulla
690 1546 835 1603 resolvent.
888 1565 891 1573 ’

202 1628 374 1703 Quanquam
389 1624 513 1696 festinas,
529 1644 585 1681 non
599 1636 642 1682 est
656 1644 734 1681 mora
748 1625 845 1702 longa;
866 1627 971 1685 licebit
1065 1629 1104 1687 35

361 1703 471 1779 Injecto
485 1713 527 1760 ter
540 1705 654 1779 pulvere
668 1707 791 1761 curras.''

508 2014 592 2073 ODE
612 2014 726 2072 XXIV.

532 2151 572 2189 un
587 2152 700 2192 rccruru.
800 2138 803 2144 '

282 2257 355 2327 Iccr,
370 2254 459 2312 beatis
473 2271 550 2310 nunc
564 2251 692 2321 Arabum
706 2252 815 2313 invides

281 2336 379 2407 Gumis,
393 2344 421 2392 et
435 2352 529 2390 acrem
543 2331 672 2389 militiam
685 2351 767 2408 paras
841 2365 844 2372 ·

231 2479 234 2488 ,
319 2413 386 2482 Non
401 2411 467 2470 ante
482 2411 599 2468 devictis
614 2411 721 2468 Sabaeae

360 2493 500 2567 Regibus,
515 2490 696 2562 horribilique
712 2488 799 2545 Medo

281 2571 382 2629 Nectis
396 2581 519 2627 catenas.
560 2567 636 2626 Quae
650 2566 701 2621 tibi
715 2566 864 2641 virgiuum,
939 2616 942 2627 ,

282 2652 393 2725 Sponso
407 2657 517 2716 necato,
532 2645 649 2700 barbara
663 2644 784 2702 servietl

321 2727 395 2784 Puer
410 2725 472 2800 quis
493 2743 527 2780 ex
538 2724 603 2781 auli
617 2723 723 2798 capillis

361 2806 409 2863 Ad
422 2805 555 2879 cyathum
568 2814 704 2862 statuetur
718 2803 822 2895 nov,

282 2886 390 2960 Doctus
403 2885 518 2960 sagittas
531 2884 647 2940 tendere
662 2883 774 2939 Sericas

282 2969 361 3025 Arcu
375 2965 510 3042 paternol
543 2963 619 3023 Quis
633 2973 719 3035 neget
732 2960 827 3018 arduis

319 3046 426 3111 Pronos
440 3042 526 3098 relabi
540 3060 622 3116 posse
637 3039 709 3096 rivos

361 3122 516 3190 Montibus,
531 3131 560 3177 et
572 3118 701 3177 Tiberim
714 3118 831 3189 reverti3

280 3203 380 3266 Quum
394 3213 426 3260 tu
439 3204 583 3275 coemptos
597 3198 719 3273 undique
733 3197 841 3256 nobiles
855 3193 857 3200 ’

282 3283 384 3342 Libros
396 3279 513 3351 Parieti,
528 3280 702 3337 Socraticam
715 3289 744 3336 et
757 3279 882 3350 domurn,

321 3361 435 3419 Mutare
449 3360 542 3417 loricis
555 3358 655 3430 Iberis,

360 3440 505 3498 Pollicitus
518 3438 641 3510 meliora,
655 3435 766 3495 tendisl

360 3519 408 3578 2*
