2444 4216
440 193 470 249 Q.
487 190 632 243 HORthl
648 191 772 245 uanum

96 400 97 404 ἵ
197 333 259 392 Nos
272 346 367 393 manet
380 335 514 393 Oceanus
528 335 636 392 circum
650 353 738 411 vagus
752 355 835 394 arva:
856 337 938 397 beata

237 414 368 472 Petamus
381 432 454 485 arva,
469 413 569 472 divites
581 423 611 473 et
624 414 740 488 insulas,

197 491 306 550 Reddit
319 493 367 549 ubi
381 493 515 550 Cererem
528 492 611 549 tellus
624 493 732 551 inarata
744 495 903 569 quotannis,

236 571 272 628 Et
285 572 420 647 imputata
432 568 511 628 floret
524 587 613 646 usque
626 572 718 644 vinea,
781 574 784 579 ’

196 649 342 707 Germinat
354 663 383 708 et
395 669 540 725 nunquam
554 650 676 709 fallentis
689 662 792 710 termes
804 653 894 725 oure,
978 701 981 705 ,

235 730 376 804 Suamque
389 729 466 805 pulla
479 729 550 788 ficus
562 741 644 790 ornat
657 731 794 803 arborem,

195 805 282 864 Mella
295 809 365 867 cavi
378 820 494 867 manant
507 829 543 867 ex
557 809 632 881 ilice,
646 810 789 869 montibus
803 811 865 869 altis

233 885 317 945 Levis
330 899 462 965 crepante
475 889 589 964 lympha
602 889 696 955 desilit
707 891 800 966 pede·

194 963 257 1023 Illic
270 966 384 1042 injussa
397 969 513 1029 veniunt
526 969 562 1026 ad
576 968 696 1026 mulctra
708 969 833 1045 capella,

233 1045 387 1122 Resertque
401 1057 480 1105 tenta
491 1066 561 1124 grex
573 1047 687 1116 amicus,
695 1048 798 1118 ubera3
885 1073 888 1079 ⁴

193 1122 223 1181 N
224 1143 258 1180 ec
271 1127 445 1202 vespertinus
458 1126 654 1202 circumgemit
667 1145 749 1187 ursus
760 1127 844 1200 ovile,

231 1202 296 1261 Nec
310 1205 474 1263 intumescit
487 1205 543 1263 alta
556 1206 658 1281 viperis
671 1207 774 1263 humus
782 1226 796 1276 ;·

192 1281 280 1341 Nulla
293 1296 397 1343 nocent
409 1285 504 1361 pecori
515 1285 658 1360 contagia,
672 1285 778 1343 nullius
792 1284 858 1352 astri
873 1323 876 1327 ι

230 1360 356 1440 Gregem
371 1376 490 1421 astuosa
502 1374 588 1423 torret
601 1365 772 1439 impotentia.

191 1443 330 1519 Pluraque
344 1442 439 1499 felices
453 1442 633 1511 mirabimur;
655 1453 686 1500 ut
699 1463 791 1518 neque
802 1444 888 1520 largis

230 1526 361 1598 Aquosus
374 1521 471 1578 Eurus
481 1540 546 1578 arva
559 1522 639 1578 radat
652 1521 798 1594 imbribus,

191 1602 310 1678 Pinguia
324 1619 378 1657 nec
391 1600 475 1658 siccis
488 1610 605 1658 urantur
618 1601 728 1659 semina
739 1601 839 1677 glebis,

230 1682 384 1755 Utrumque
398 1698 464 1755 rege
478 1690 653 1754 temperante
666 1681 800 1738 caelitum.

189 1759 220 1818 N
220 1777 257 1818 on
271 1761 331 1818 huc
341 1761 438 1834 Argoo
451 1758 597 1817 contendit
609 1759 716 1834 remige
729 1761 823 1836 pinus,

228 1839 329 1914 Neque
340 1836 483 1913 impudica
496 1836 611 1895 Colchis
624 1837 718 1895 intulit
731 1839 849 1916 pedem;

179 1917 258 1977 .Non
273 1920 329 1975 huc
343 1916 453 1975 Sidonii
467 1926 608 1977 torserunt
621 1934 728 1974 cornua
740 1929 845 1989 nautae,

227 1991 379 2055 Laboriosa
392 2015 446 2054 nec
460 1997 560 2061 cohors
572 1994 700 2070 Ulyssei':

127 2056 148 2131 l
189 2075 297 2151 Jupiter
311 2076 359 2132 illa
371 2076 425 2151 piae
438 2075 557 2133 secrevit
569 2074 662 2134 littora
674 2074 762 2150 genti,

227 2154 265 2212 Ut
278 2154 433 2228 inquinavit
447 2173 503 2210 aere
515 2165 625 2230 tempus
639 2172 773 2224 aureum3

160 2280 163 2284 .
189 2233 267 2305 AEre,
281 2233 385 2291 dehinc
400 2233 472 2290 ferro
485 2233 594 2290 duravit
607 2233 721 2304 saecula,
735 2251 854 2308 quorum

227 2312 285 2370 Piis
299 2313 433 2384 secunda,
448 2321 510 2370 vate
524 2329 580 2384 me,
594 2312 676 2369 datur
690 2312 764 2388 luga.

448 2522 743 2539 m

510 2668 594 2727 oon
613 2666 686 2727 ΧΠ.
726 2665 729 2674 ·
817 2746 819 2753 p

491 2806 531 2845 AD
545 2806 703 2846 CANIDIAM·

524 2935 668 2969 notamus.

264 3023 282 3080 J
284 3021 327 3080 aiu
339 3023 397 3099 jam
407 3022 517 3081 efficaci
530 3023 567 3082 do
580 3041 681 3081 manus
694 3020 837 3092 scientiae;
914 3062 917 3067 «

266 3102 390 3178 Supplex
403 3113 433 3159 et
444 3122 493 3160 oro
506 3122 594 3179 regna
606 3121 656 3178 per
668 3101 855 3176 Proserpinae,

264 3180 318 3236 Per
328 3192 357 3237 et
371 3180 471 3238 Diana
485 3201 543 3243 uon
557 3181 702 3240 movenda·
714 3179 841 3251 numina,

264 3258 317 3315 Per
333 3270 415 3332 atque
428 3258 514 3317 libros
528 3262 686 3326 carminum
700 3259 853 3327 valentium
890 3294 895 3306 ·

264 3337 367 3395 Refixa
377 3337 453 3394 'coelo
464 3338 600 3396 devocare
614 3341 714 3411 sidera,

264 3417 395 3488 Canidia,
408 3436 494 3493 parce
507 3419 623 3475 vocibus
636 3420 751 3477 tandem
764 3418 863 3490 sacris,

264 3496 414 3569 Citumque
428 3506 502 3554 retro
516 3497 602 3569 solve,
616 3498 701 3570 solve,
716 3497 866 3557 turbinem.

265 3575 354 3634 Movit
368 3586 498 3651 nepotem
512 3575 657 3652 Telephus
670 3576 820 3649 Nereium,

264 3654 300 3712 In
313 3673 396 3730 quem
409 3656 545 3731 superbus
558 3657 702 3715 ordinarat
715 3657 829 3733 agmina

265 3733 420 3810 Mysorum,
435 3745 463 3793 et
476 3735 506 3795 in
519 3754 603 3811 quem
616 3737 672 3795 tela
685 3747 769 3795 acuta
782 3744 907 3797 torserat.
