2444 4216
386 211 589 261 SATIRARUM
604 213 669 262 ΠΒ.
687 213 722 262 11.
739 215 762 262 5.
806 212 808 214 ’
997 217 1050 276 131

120 353 233 414 Primus
245 364 275 412 et
287 355 411 413 invenior
424 355 503 432 piper
515 355 619 427 album,
633 374 700 413 oum
714 357 771 414 sale
784 356 867 432 nigro
893 399 897 406 ·

122 433 276 506 lnoretum,
290 434 365 509 puris
377 434 610 510 circumposuisse
624 435 733 493 catillis.
1013 438 1052 495 75

122 511 250 569 Immane
263 523 305 569 est
318 513 413 570 vitium
427 514 493 569 dare
508 513 594 569 millia
606 524 686 570 terna
698 513 826 586 maeello,

120 592 305 666 Angustoque
318 611 401 667 vagos
414 591 506 667 pisces
519 610 618 666 urgere
631 593 731 650 catino.

120 669 228 745 Magna
240 682 331 728 movet
343 671 487 729 stomacho
501 669 619 740 fastidia,
633 689 683 726 seu
696 690 764 746 puer
778 670 871 728 unctis

120 747 265 806 Tractavit
277 749 395 807 calicem
409 749 548 817 manibus
557 748 628 803 ,dum
642 748 714 805 firrta
734 749 856 824 ligurrit3

120 827 185 884 Sive
199 828 289 902 gravis
302 829 388 885 veteri
401 839 515 884 eraterae
529 827 612 883 limus
625 827 748 887 adhesit.
1011 826 1051 885 80

119 905 229 963 Vilibus
242 907 272 963 in
286 908 387 981 scopis,
402 907 431 962 in
445 907 561 981 mappis,
574 906 604 962 in
618 906 712 976 scobe,
725 915 845 981 quantus

120 982 257 1042 Consistit
270 986 416 1059 sumptusl
433 985 581 1062 neglectis,
596 983 732 1060 flagitium
746 985 855 1060 iugens.

122 1062 195 1121 Ten’
210 1064 318 1139 lapides
331 1063 420 1122 varios
433 1064 570 1126 lutulenti
583 1064 680 1120 radere
694 1064 797 1138 palmia,

119 1142 157 1200 Et
170 1142 273 1217 Tyrias
286 1143 352 1200 dare
364 1143 470 1199 nircum
485 1143 560 1199 illota
573 1141 670 1199 toralia
683 1153 782 1213 vestes,

118 1220 247 1278 Oblitum
260 1219 364 1296 quantd
378 1240 475 1277 euram
488 1231 683 1295 sumptumque
697 1220 833 1277 minorem
1009 1219 1048 1278 85

120 1299 192 1358 Haee
206 1301 336 1371 habeant,
350 1297 428 1357 tantd
442 1298 573 1374 reprendi
584 1296 687 1374 justius
701 1298 755 1355 illis

118 1378 194 1452 Quae
207 1380 262 1437 nisi
277 1378 407 1435 divitibus
420 1390 560 1452 nequeant
573 1378 735 1454 contingere
749 1376 875 1435 mensisl

494 1546 635 1581 nourrius.

119 1634 211 1693 Doote
224 1633 298 1705 Cati,
311 1650 360 1709 per
373 1633 523 1690 amicitiam
538 1634 669 1708 divosque
682 1645 803 1711 rogatus,

119 1713 231 1771 Duoere
245 1732 289 1769 me
303 1713 438 1783 auditum,
452 1731 552 1788 perges
564 1710 741 1788 qudounque,
756 1724 904 1772 memento.

119 1792 204 1865 Nam,
218 1792 343 1867 quemvis
356 1791 460 1848 referas
473 1792 588 1849 memori
603 1779 670 1848 mihi
684 1804 796 1868 peotore
809 1804 922 1864 cuneta,
1007 1792 1047 1849 9⁰
1063 1843 1066 1846 .

119 1871 185 1930 Non
200 1882 293 1928 tamen
308 1871 443 1945 interpres
456 1872 621 1928 tantundem
632 1872 751 1947 juveris:
773 1873 845 1928 adde

119 1949 236 2007 Vultum
256 1951 434 2024 habitumque
448 1951 584 2018 hominis;
605 1969 687 2023 quem
701 1962 732 2006 tu
746 1950 957 2007 vidissebestus

118 2029 184 2088 Non
198 2029 411 2104 magnipendis,
425 2030 490 2103 quia
503 2029 633 2103 contigit:
654 2039 682 2084 at
695 2027 763 2108 mihi
777 2046 845 2085 eura

118 2107 185 2165 Non
199 2108 347 2165 mediocris
361 2108 442 2178 inest,
458 2106 547 2164 fontes
566 2118 597 2163 ut
607 2108 683 2163 adire
696 2117 815 2164 remotos

119 2187 212 2263 Atque
225 2188 335 2245 haurire
348 2205 448 2261 queem
463 2186 525 2243 vitae
539 2197 678 2263 praeoepta
692 2187 787 2244 beate.
1006 2185 1047 2243 95

416 2411 706 2426 -ι--

467 2577 621 2635 SATIRA
634 2578 675 2637 V.

505 2764 620 2798 umens.

117 2877 181 2935 Hoo
194 2892 312 2951 quoque,
327 2871 447 2942 Tiresia,
460 2881 560 2948 praeter
574 2881 692 2943 narrata,
706 2873 812 2947 petenti

117 2955 278 3030 Responde,
292 2953 392 3028 quibus
405 2952 520 3009 amissas
533 2970 659 3026 reparare
673 2968 772 3025 queam
786 2969 831 3007 res

116 3034 232 3092 Artibus
246 3043 327 3107 atque
340 3031 438 3089 modis.
477 3030 557 3091 Quid
572 3030 665 3086 ridesl
742 3035 745 3042 ’

497 3181 626 3231 irnssrss.

709 3282 818 3342 ..iamne
830 3285 925 3343 doloso

114 3366 180 3425 Nou
194 3362 260 3424 satls
272 3376 315 3423 est
327 3364 453 3423 Ithacam
467 3363 571 3436 revehi,
584 3363 740 3439 patriosque
753 3363 874 3421 Penates

114 3446 268 3522 Aspioerel

500 3582 615 3626 uurssss.

306 3676 335 3732 Ο
347 3649 576 3752 nulliquidquam
595 3675 719 3746 mentite,
733 3675 810 3733 vides
822 3687 854 3732 ut
1019 3675 1039 3733 5

114 3759 217 3818 Nudus
230 3759 364 3834 inopsque
376 3755 490 3812 domum
503 3757 626 3826 redeam,
636 3764 664 3812 te
676 3764 754 3824 vate3
774 3772 864 3828 neque
878 3752 934 3810 illio

987 3938 1137 3968 s*
