2444 4216
426 194 623 245 CARMINUM
639 195 705 245 LIB.
723 195 770 245 lv.

265 339 532 417 hierace-profundo,
546 339 688 415 pulchrior
701 339 811 399 evenit:

268 422 395 492 humere,
409 420 498 477 multia
511 430 625 495 proruet
637 420 780 496 integrum

304 500 380 557 Cum
391 499 476 557 laude
490 500 633 571 victorem,
647 510 780 575 geretque

343 578 444 637 Proelia
457 578 625 654 conjugibus
637 578 784 653 loquenda.

264 658 430 734 Carthagini
441 658 499 732 jam
513 677 571 714 nou
583 675 637 732 ego
651 658 765 718 nuntios

266 737 378 796 Mittam
392 737 543 812 superbos:
564 737 678 807 occidit,
692 737 797 794 occidit

306 818 378 894 Spes
391 815 483 873 onmis
496 826 524 873 et
535 816 644 873 fortuna
658 816 745 872 nostri

345 895 486 967 Numinis,
501 895 680 953 Hasdrubale
694 895 868 970 interempto.

267 975 317 1033 Nil
331 975 458 1032 Claudiae
471 994 530 1032 non
543 975 690 1050 perficient
703 993 814 1047 manus,

267 1055 350 1117 Quas
362 1067 392 1112 et
405 1055 528 1130 benigno
542 1056 659 1112 nurnine
673 1054 784 1130 Jupiter

306 1134 451 1204 Defendit,
465 1145 493 1191 et
506 1152 582 1191 curae
596 1152 714 1208 sagaces

346 1213 509 1289 Expediunt
521 1232 570 1287 per
585 1223 668 1269 acuta
682 1212 776 1268 belli.”

522 1527 606 1584 ODE
627 1526 679 1585 lv.

493 1667 533 1706 AD
547 1666 715 1736 AUGJJSTUM.

254 1770 355 1829 ‘Drvre
367 1779 428 1827 orte
442 1768 532 1841 bonis,
547 1768 650 1844 optimc
664 1768 796 1826 Romula

252 1854 256 1860 ’
270 1851 373 1908 Custos
386 1849 488 1925 gentis,
503 1847 569 1905 abes
580 1848 636 1922 jam
649 1847 768 1906 nimidm
783 1850 847 1907 diu:

270 1929 414 1987 Maturum
428 1928 549 1986 reditum
562 1928 703 2002 pollicitus
717 1928 832 1999 Petrum

374 2010 375 2013 ’
425 2009 532 2065 Sancto
545 2006 676 2076 concilio,
690 2007 759 2064 redi.

270 2088 479 2166 Lucemlredde
492 2097 557 2158 ture,
573 2086 629 2142 dux
646 2086 727 2158 bone,
742 2087 855 2162 patriar:

270 2167 363 2225 Instar
377 2167 450 2223 veris
463 2166 540 2223 enim
554 2165 649 2222 nultus
660 2166 706 2222 ubi
720 2179 785 2225 tuus
832 2201 834 2207 ,

270 2247 395 2318 Ambit,
409 2246 511 2322 populo
521 2245 624 2322 gratior
639 2245 661 2303 it
673 2246 743 2318 dies,

426 2325 463 2383 Et
475 2325 549 2383 soles
562 2322 663 2384 melids
676 2325 776 2384 nitent.

269 2407 308 2464 Ut
321 2417 409 2464 mater
420 2405 562 2481 juvenem,
576 2424 658 2479 quem
674 2405 767 2462 Notus
781 2404 876 2462 invido

271 2486 354 2542 Flatu
368 2486 512 2560 Carpathii
526 2495 604 2543 trans
618 2485 703 2540 maris
717 2501 828 2556 aequora

271 2563 463 2627 Cunctantem
477 2563 566 2637 spatio
579 2560 691 2635 longiirs
706 2579 800 2618 annuo
824 2602 827 2609 ,

428 2640 514 2696 Dulci
529 2639 644 2695 distinet
657 2659 674 2695 a
687 2640 780 2712 domo,

271 2721 353 2780 Votis
366 2719 561 2793 ominibusque
576 2729 604 2775 et
616 2719 746 2794 precibus
760 2729 850 2794 vocat,

271 2801 367 2859 Curvo
380 2819 434 2856 nec
448 2799 548 2856 facicm
562 2798 653 2856 littore
666 2800 804 2868 dimovet:

272 2881 323 2938 Sic
337 2879 482 2936 desideriis
496 2879 552 2935 icta
565 2878 696 2936 fidelibus

427 2957 540 3020 Quaerit
552 2958 643 3032 patria
655 2958 809 3015 Caesarem.

271 3040 366 3098 Tutus
379 3039 429 3095 bos
443 3038 547 3094 etenim
561 3055 627 3093 rura
639 3036 829 3111 perambulat:

271 3119 301 3178 N
303 3120 368 3177 utrit
381 3136 446 3174 rura
460 3116 558 3186 Ceres,
571 3115 700 3190 almaque
714 3115 870 3175 Faustitas:

273 3197 409 3257 Pacatum
422 3196 538 3253 volitant
551 3214 603 3271 per·
613 3214 689 3254 mare
701 3197 819 3254 navitas:

434 3274 550 3352 Culpari
564 3275 663 3333 metuit
677 3275 781 3333 Fides:

274 3358 369 3416 Nullis
381 3357 514 3434 polluitur
528 3366 606 3412 casta
618 3355 719 3414 domus
732 3357 850 3431 stupris:

274 3436 338 3495 Mos
351 3449 379 3494 et
392 3438 437 3494 lex
451 3435 626 3492 maculosum
640 3436 766 3493 edomuit
779 3436 874 3494 nesae:

261 3507 437 3577 (laudantur
450 3515 535 3573 simili
549 3515 627 3591 prole
637 3533 797 3592 puerpera:

431 3595 553 3672 Culpam
566 3595 654 3652 Poena
667 3595 769 3669 premit
782 3613 885 3653 comes.
905 3600 907 3627 ³

274 3675 351 3737 Quis
365 3674 496 3731 Parthum
510 3677 631 3750 paveati—
649 3673 711 3747 qnis
724 3673 849 3750 gelidum
863 3671 1009 3748 Scythenl
1054 3671 1094 3730 25

275 3752 361 3825 Quis,
375 3752 526 3810 Germania
539 3772 608 3828 ques
621 3752 733 3810 horrida¹
745 3751 863 3828 parturit

431 3830 472 3888 6ο
