2444 4216
137 214 195 276 its
455 213 486 272 Q.
503 211 648 262 nonam
663 211 789 265 mccl
819 229 822 237 ·

173 355 292 433 Incipe:
311 356 360 432 qui
373 352 449 413 rectd
463 354 573 414 vivendi
587 367 716 432 prorogat
729 357 837 429 horam,

172 435 311 494 Rusticus
324 444 467 510 exspectat
479 433 547 490 dum
560 434 666 492 defluat
678 435 785 504 sionim
807 446 836 493 at
849 433 897 492 ille
912 480 913 485 1

172 514 299 587 Labitur,
312 525 341 573 et
354 513 462 571 labetur
475 513 505 569 in
517 531 602 570 omne
616 513 746 575 volubilis
759 533 859 571 evum.

210 593 355 656 Quaeritur
369 601 525 668 argentum,
539 591 688 667 puerisque
702 589 784 651 beata
796 591 927 650 creandis

172 671 258 745 Uxor,
271 683 299 729 et
313 671 426 728 incultae
438 679 575 746 pacantur
588 688 700 728 vomere
713 671 797 729 silve.

170 752 258 817 Quod
272 747 340 808 satis
353 761 396 807 est
408 749 456 806 cui
469 749 597 825 contigit,
612 749 659 807 hic
672 750 742 807 nihil
756 750 875 826 amplius
888 758 978 824 optet

170 828 238 888 Nou
250 830 351 888 domus
363 841 393 886 et
406 822 519 899 lhndus,
533 847 590 886 uon
602 828 665 885 eris
679 847 795 902 aceruus
809 834 838 886 et
851 825 912 885 auri
958 878 961 882 i
978 862 980 868 ·

171 909 289 984 AEgroto
302 906 410 965 domiui
424 907 541 964 deduxit
554 925 669 982 corpore
683 907 784 980 febres·
794 932 821 958 ··‹

170 986 237 1045 Nou
252 989 346 1046 animo
359 1005 448 1044 curas.
489 985 590 1043 Valeat
602 1005 744 1062 possessor
757 996 877 1064 oportet,

169 1066 203 1124 Si
216 1065 397 1142 comportatis
411 1065 495 1122 rebus
508 1065 582 1123 bene
595 1066 700 1140 cogitat
714 1067 762 1122 uti.
872 1108 874 1114 .

169 1144 232 1209 Qui
244 1147 322 1221 cupit
335 1156 384 1202 aut
397 1143 507 1215 metuit,
518 1144 596 1220 juvat
609 1144 688 1200 illum
702 1145 744 1205 sio
758 1145 859 1202 domus
871 1154 900 1200 et
913 1161 969 1213 res,

169 1223 208 1281 Ut
220 1225 328 1300 lippum
341 1223 424 1300 picta
437 1222 549 1295 tabulae,
563 1223 687 1291 fomenta
698 1225 861 1300 podagram,

170 1303 322 1361 Auriculas
336 1303 450 1361 cithare
465 1301 584 1360 collecti
598 1304 679 1361 sorde
698 1303 833 1360 dolentes.

170 1383 320 1455 Sincerqu
334 1395 377 1440 est
389 1381 445 1438 uisi
458 1399 516 1453 vas,
530 1382 855 1460 quodcunquejinfirndis
868 1380 980 1440 acescit.

170 1462 280 1537 Sperne
292 1463 463 1536 voluptates:
485 1470 569 1518 nocet
580 1472 676 1537 empta
688 1461 783 1518 dolore
797 1461 944 1537 voluptaris

170 1541 287 1616 Semper
300 1559 399 1597 avarus
413 1549 495 1615 eget,;
516 1550 625 1597 certum
639 1551 701 1598 voto
714 1552 778 1616 pete
789 1540 886 1598 'finem
902 1573 904 1576 <

170 1617 287 1676 Invidus
300 1619 415 1676 alterius
428 1618 577 1676 macrescit
590 1620 674 1677 rebus
686 1619 808 1696 opimis:

169 1695 281 1755 inuidia
295 1697 384 1756 Siculi
398 1716 456 1755 uon
469 1696 603 1756 invenere
617 1698 729 1773 tyranni
763 1742 765 1745 .
822 1731 826 1736 =

169 1775 264 1852 Majus
276 1787 455 1835 tormentum.
495 1775 557 1837 Qui
571 1778 629 1834 uon
643 1777 831 1835 moderabitur
844 1778 904 1850 iraa

169 1855 311 1914 Infectum
325 1856 398 1914 volet
410 1873 482 1927 esse,
496 1855 575 1913 dolor
587 1857 660 1932 quod
674 1857 793 1914 suaserit
806 1867 835 1913 et
847 1875 940 1943 meos,

169 1934 246 2004 Dum
259 1954 357 2011 poenas
369 1935 435 1993 odio
447 1950 497 2010 per
510 1935 565 1992 vim
579 1935 692 1992 manat
704 1935 802 1992 inulto.

168 2013 217 2071 Ira
230 2013 305 2071 furor
319 2014 410 2072 brevis
423 2027 482 2071 est:
503 2013 630 2072 animum
643 2033 721 2091 rege,
732 2014 791 2088 qui,
805 2013 860 2070 uisi
873 2023 963 2089 paret,
986 2067 996 2085 ,¹

169 2090 309 2166 Imperat:
330 2094 407 2150 huuc
421 2093 525 2165 hauh,
539 2094 614 2151 huuc
627 2105 658 2151 tu
671 2111 820 2169 compesce
833 2092 943 2150 careni.

168 2169 267 2246 Fingit
279 2189 383 2246 equum
396 2172 494 2245 teneti
507 2173 630 2241 docilem
642 2171 753 2230 cervice
767 2171 898 2248 magister

168 2248 216 2306 Ire
228 2251 303 2308 viam
316 2249 372 2325 qua
385 2260 524 2319 monstret,
534 2269 629 2325 eques.
670 2251 836 2322 Venaticus,
849 2268 886 2307 ex
898 2267 954 2324 quo
1043 2309 1046 2320 ,
1090 2250 1107 2279 r

169 2328 312 2405 Tempore
326 2329 467 2405 cervinam
480 2328 582 2403 pellem
596 2328 705 2386 latravit
718 2329 833 2400 inauli,

169 2407 273 2466 Militat
286 2408 316 2465 in
329 2407 405 2466 silvis
419 2408 538 2465 catulus.
578 2407 608 2464 N
609 2425 667 2465 uno
679 2407 782 2465 adhibe
795 2426 866 2484 puro

167 2487 286 2545 Pectore
299 2488 391 2559 verba,
406 2506 491 2563 puer;
512 2504 594 2548 nuuc
604 2497 633 2544 te
646 2486 808 2544 melioribus
820 2485 898 2543 offer.

166 2566 236 2631 Quo
249 2567 335 2624 semel
346 2578 389 2624 est
402 2566 510 2623 imbuta
522 2583 632 2638 recens,¹
646 2566 767 2623 servabit
778 2565 893 2623 odorem

158 2645 246 2705 Testa
258 2645 315 2703 diu.
356 2643 483 2708 Quodsi
498 2663 601 2718 cessas
616 2657 665 2705 aut
678 2657 809 2726 strenuus
822 2643 924 2716 anteis,

167 2723 232 2782 Nec
245 2726 357 2783 tardum
368 2723 507 2801 opperior,
520 2742 576 2781 uec
588 2724 814 2801 precedentibus
828 2723 910 2782 insto.
1026 2738 1031 2744 ·

476 3038 677 3098 EPISTOLA
698 3039 756 3098 111.

429 3152 432 3159 ’
458 3177 498 3217 su
511 3178 620 3219 uuuuss
635 3178 766 3218 mosum.
846 3180 851 3195 2

165 3276 234 3335 Juur
248 3275 342 3347 Flore,
356 3279 457 3351 quibus
470 3289 606 3335 terrarum
620 3278 721 3336 militet
732 3277 791 3334 oris
857 3311 859 3315 ν

166 3355 303 3414 Claudius
308 3354 427 3430 Augusti
440 3355 595 3432 privignus,
609 3357 682 3414 scire
695 3357 798 3414 laboro.

165 3434 318 3492 Thracane
332 3452 390 3504 vos,
405 3435 574 3511 Hebrusque
585 3435 671 3491 nivali
684 3435 821 3509 compede
834 3434 957 3508 vinctus,

166 3515 215 3571 An
230 3513 299 3570 freta
312 3512 419 3569 vicinas
432 3513 504 3571 iuter
518 3513 660 3570 currentia
672 3526 773 3584 turres,

88 3633 90 3638 ι
168 3593 215 3650 Au
229 3593 349 3668 pingues
362 3591 440 3648 Asia
454 3592 547 3668 campi
560 3590 702 3665 collesque
715 3595 882 3652 moranturl
1086 3594 1108 3652 5

165 3670 247 3733 Quid
260 3671 385 3729 studiosa
397 3671 498 3728 cohors
511 3689 628 3748 operum
641 3669 743 3728 suuitl
781 3670 855 3728 Haec
868 3691 979 3749 quoque
992 3690 1081 3732 curo:

166 3748 242 3811 Quis
255 3750 309 3808 sibi
322 3769 367 3809 res
379 3759 473 3828 gestas
487 3749 615 3829 Augusti
623 3748 747 3810 scribere
760 3751 867 3810 sumiti
