2444 4216
417 209 615 259 CARMINUM
631 210 736 260 Lura

452 430 537 490 ODE
559 432 689 491 XXVII.

493 569 658 608 mamm
709 600 711 604 ,

242 669 398 729 Poscrunn
406 711 414 726 .
423 711 430 726 .
440 711 447 725 .
456 668 480 725 si
493 669 561 743 quid
575 670 656 726 vacui
670 669 723 726 sub
735 669 836 728 umbre

240 749 373 808 Lusimus
386 759 491 818 recum,
506 748 581 821 quod
594 757 624 804 et
636 748 713 804 hunc
726 748 756 806 in
769 756 887 808 annum

240 829 336 901 Vivat,
349 838 377 885 et
390 827 499 903 plures;
521 845 583 901 age,
598 826 652 883 dic·
660 826 802 900 Latinum,

397 906 520 978 Barbite,
533 924 660 982 carmen,

241 985 345 1045 Lesbio
355 983 477 1063 primum
492 986 634 1042 modulate
649 985 717 1059 civi;

240 1064 302 1127 Qui
316 1066 394 1123 ferox
407 1065 489 1136 bello,
503 1075 598 1122 tamen
613 1065 685 1122 inter
700 1084 786 1138 arma,

241 1145 307 1204 Sive
318 1145 451 1221 jactatam
465 1144 597 1219 religairat
610 1144 667 1200 udo

397 1222 505 1280 Littore
518 1223 622 1293 navim,
676 1231 678 1234 ‘

241 1302 387 1373 Liberum,
402 1311 431 1357 et
444 1298 552 1373 Musas,
567 1300 774 1375 Veneremque,
788 1312 817 1358 et
830 1301 869 1360 illi

243 1383 362 1456 Semper
375 1381 528 1436 herentem
542 1379 675 1451 Puerum,
689 1381 819 1454 canebat,

241 1461 280 1519 Et
293 1461 402 1536 Lycum
416 1459 504 1534 nigris
517 1459 607 1516 oculis
621 1460 757 1534 nigroque

398 1537 485 1595 Crine
499 1539 641 1596 decorum.

241 1618 271 1678 0
284 1619 372 1676 decus
386 1616 496 1689 Phoebi,
511 1628 539 1674 et
553 1618 672 1694 dapibus
685 1619 808 1694 supremi

242 1698 330 1756 Grata
343 1697 454 1755 testudo
468 1696 555 1768 lovis,
570 1717 587 1754 o
601 1697 728 1754 laborum

241 1775 335 1836 Dulce
348 1776 482 1848 lenimen,
497 1777 567 1833 milri
581 1795 693 1852 cunque
707 1777 783 1834 salve

398 1853 468 1914 Rite
482 1856 609 1915 vocantil

448 2168 533 2248 ona
553 2168 700 2228 xxviii

485 2306 525 2345 AD
539 2307 674 2346 sensum.

243 2410 359 2470 Parcus
374 2408 491 2466 deorum
504 2407 603 2480 cultor,
617 2419 646 2466 et
659 2407 832 2482 infrequens,

242 2488 415 2548 Insanientis
429 2488 497 2544 dum
511 2487 655 2562 sapientie

281 2567 436 2624 consultus
450 2584 528 2632 err03
550 2583 628 2619 nunc
642 2558 794 2621 retrorsum

321 2643 395 2702 Vela
408 2643 485 2712 dare,
499 2652 581 2714 atque
592 2642 693 2698 iterare
706 2660 805 2701 cursus

244 2724 339 2800 Cogor
352 2721 472 2778 relictos.
514 2718 647 2796 Namque
661 2718 812 2798 Diespiter,

241 2804 308 2882 Igni
322 2819 440 2860 corusco
452 2800 550 2858 nubila
562 2801 690 2858 dividens

281 2878 460 2956 Plerumque,
474 2898 523 2956 per
537 2899 639 2956 purum
652 2891 784 2938 tonantes

320 2961 388 3037 Egit
400 2978 496 3034 equos,
509 2960 707 3032 volucremque
721 2977 850 3019 currum:

242 3041 311 3104 Quo
325 3041 407 3097 bruta
419 3038 512 3110 tellus,
526 3049 555 3095 et
568 3057 639 3113 vaga
653 3037 778 3110 flumina,

242 3120 312 3183 Quo
326 3121 407 3193 Styx,
420 3128 449 3175 et
462 3117 545 3173 invisi
559 3117 672 3174 horrida
685 3115 800 3175 Taenari

284 3200 384 3270 Sedes,
399 3197 605 3271 Atlanteusque
619 3197 682 3254 finis

321 3277 498 3336 Concutitur.
532 3276 616 3334 Valet
629 3277 685 3334 ima
699 3278 816 3340 summis

243 3357 365 3429 Mutare,
380 3367 409 3415 et
423 3355 543 3430 insignia
557 3358 683 3413 attenuat
696 3354 784 3429 Deus,

243 3439 374 3497 Obscura
387 3454 533 3511 promens:
555 3435 622 3492 hinc
635 3437 744 3511 apicem
758 3455 844 3513 rapax

282 3516 408 3574 Fortuna
421 3533 487 3572 cum
501 3514 617 3572 stridore
632 3524 714 3573 acuto
882 3519 885 3583 s

320 3595 455 3666 Sustulit3
476 3592 525 3653 hio
537 3593 662 3670 posuisse
675 3594 787 3670 gaudet.
