2444 4216
373 208 617 261 mrsromnuu
633 210 698 261 ms.
715 213 736 261 r.
754 215 779 285 ⁷.-

157 351 206 411 Ad
219 370 297 411 mere
311 352 464 413 descendet
477 360 641 428 rstes'tuus,
655 366 684 413 et
697 357 750 415 sibi
764 364 872 433 parcet,

156 431 381 509 contractusque
389 430 482 511 leget3
502 445 541 506 te,
555 434 646 491 dulcis
660 436 761 507 amice,
774 437 877 495 reviset
943 476 946 481 ·

155 509 231 568 Ourn
245 510 393 588 Zephyris,
406 513 434 570 si
444 513 594 584 concedes,
608 524 637 570 et
650 513 801 572 hirundine
814 513 914 590 primic
1001 546 1003 553 v

195 588 272 663 Non,
286 610 341 666 quc
353 610 429 649 more
442 592 518 667 pyris
532 592 607 648 vesci
620 591 740 653 Calaber
750 593 831 669 jubet
844 594 956 670 hospes,

156 666 205 729 Tu
219 688 264 727 me
278 670 368 728 fecisti
380 670 557 746 locupletem.
599 674 619 699 “‘
632 670 765 744 Vescere,
778 673 923 730 sodes.”-

156 751 174 777 “
190 746 255 806 Jem
268 747 336 806 satis
348 742 478 807 estss''-“
487 750 528 806 At
540 760 572 805 tu
584 749 762 823 quantumvis
775 750 919 808 tolle.’'-“

156 828 175 856 “
191 825 257 885 Non
271 827 362 887 invisa
374 828 447 885 seres
456 827 551 902 pueris
565 828 733 885 munuscula
746 829 899 903 pervis.'’-

156 909 174 936 ‘¹
188 904 264 964 Tam
277 917 374 967 teneor
388 906 472 977 dono,
487 905 571 981 quim
585 905 610 963 si
623 906 747 964 dimittar
760 912 941 968 onustus.’'-'-

156 988 174 1014 “
186 983 224 1043 Ut
235 985 320 1043 libet:
342 986 403 1043 haec
416 985 509 1061 porcis
521 985 605 1045 hodie
619 986 794 1045 comedenda
808 985 968 1061 relinquis.''

155 1063 294 1140 Prodigus
307 1075 336 1133 et
349 1064 450 1122 stultus
462 1065 549 1125 doum
562 1083 624 1140 quae
637 1065 744 1140 spernit
757 1075 786 1122 et
798 1065 866 1122 odit

156 1141 228 1201 Hrec
242 1163 322 1219 seges
336 1144 459 1220 ingratos
471 1144 544 1214 tulit,
558 1155 587 1200 et
600 1143 670 1200 leret
682 1144 814 1203 omnibus
827 1144 917 1203 annis.

156 1221 208 1279 Vir
224 1222 314 1280 bonus
327 1234 356 1280 et
369 1223 482 1299 sapiens
495 1223 589 1298 dignis
603 1222 643 1278 ait
655 1241 717 1279 esse
731 1234 861 1298 peratus;

156 1299 221 1358 Nec
234 1314 329 1361 tamen
341 1302 452 1379 ignorat
465 1301 532 1376 quid
545 1301 651 1359 distent
664 1320 720 1359 rara
732 1301 844 1376 lupinis.

155 1378 281 1457 Dignum
295 1380 433 1456 prestabo
446 1398 491 1439 me
505 1378 590 1439 etium
603 1398 655 1456 pro
668 1379 751 1439 leude
765 1379 907 1439 merentis

154 1457 245 1520 Qudd
258 1460 282 1516 si
296 1477 341 1516 me
355 1459 433 1521 uoles
447 1476 564 1534 usquein
578 1459 733 1532 discedere,
747 1460 850 1518 reddes

155 1536 241 1595 Forte
254 1539 337 1610 latus,
350 1539 446 1616 nigros
459 1540 579 1615 angusti
593 1539 683 1597 fronte
696 1538 827 1615 capillos;

155 1616 273 1674 Reddes
287 1616 370 1676 dulce
384 1617 476 1694 lequi;
497 1618 598 1676 reddes
611 1618 703 1675 ridere
717 1614 862 1693 decorum.

195 1693 279 1753 Forte
294 1716 343 1773 per
357 1708 505 1774 angustam
519 1697 612 1755 tenuis
625 1698 752 1756 nitedula
764 1699 865 1757 rimam

154 1774 295 1851 Repserat
307 1776 338 1833 in
352 1795 495 1834 cumeram
504 1778 660 1846 'frumenti;
680 1788 813 1854 pastaque
827 1795 934 1836 rursus,

155 1853 201 1911 Ire
216 1855 291 1912 foras
304 1856 388 1930 pleno
401 1857 535 1915 tendebat
548 1875 664 1933 corpore
674 1857 788 1923 liustrd„

154 1932 210 1991 Cui
225 1935 344 1995 mustela
357 1936 465 2012 procul,
479 1942 496 1967 “
510 1936 541 1996 ei
556 1937 624 2009 ris,”
639 1937 687 2006 ait,
703 1941 720 1966 “
732 1936 857 2011 effugere
871 1934 987 2006 isthinc,

155 2011 253 2071 Macra
266 2033 366 2073 cavum
379 2027 488 2091 repetes
501 2028 718 2089 arctum„ssquem
733 2033 830 2072 mucre
842 2012 969 2074 subisti?

154 2091 220 2149 fleo
234 2112 288 2170 ego
301 2095 328 2152 si
339 2095 489 2170 compellor
502 2094 636 2169 imagine,
651 2104 755 2151 cuncte
768 2093 899 2170 resigno:

154 2169 218 2228 Nec
232 2183 361 2230 somnum
375 2173 465 2248 plebis
478 2173 572 2243 leudo,
584 2184 660 2229 satur
674 2172 793 2229 altilium
801 2192 809 2242 ;
830 2191 885 2230 nec

152 2249 222 2308 Otia
234 2251 338 2309 divitiis
352 2252 479 2309 Arabum
492 2251 634 2317 liberrima
646 2263 733 2327 muto.

57 2353 63 2372 i
154 2327 236 2406 saepe
252 2331 442 2388 verecundum
455 2330 591 2400 laudisti;
619 2330 739 2406 Resque
753 2330 893 2406 Paterque

154 2409 269 2468 Audisti
283 2409 394 2479 corhm;
416 2429 471 2469 nec
484 2411 569 2468 verbu
581 2407 694 2486 parcitis
709 2410 827 2467 absens:

153 2487 268 2563 Inspice
281 2490 305 2545 si
318 2507 430 2564 possum
444 2489 549 2546 donata
562 2507 697 2562 reponere
711 2487 800 2545 letus.

153 2565 240 2622 Haud
254 2565 328 2623 mele
343 2566 545 2638 Telemachus,
557 2567 650 2641 proles
662 2567 793 2640 patientis
807 2564 937 2640 Ulyssei:

155 2649 173 2674 ‘⁴
186 2642 253 2702 Nou
266 2658 309 2703 est
322 2656 403 2720 aptus
416 2646 496 2720 equis
509 2643 607 2702 Ithace
620 2645 715 2714 locus3
736 2655 767 2702 ut
780 2663 872 2720 neque
884 2643 976 2720 plerns

152 2723 305 2785 Porrectus
318 2723 424 2800 spatiis,
438 2742 530 2798 neque
544 2723 640 2780 multe
651 2725 786 2800 prodigus
797 2724 914 2782 berbae:

152 2803 264 2876 Atride,
278 2801 368 2880 magis
381 2816 447 2880 apta
459 2802 510 2861 tibi
524 2814 573 2860 tua
586 2803 660 2861 dune
673 2803 856 2878 relinquam.’'

151 2885 273 2944 Parvum
287 2903 373 2960 parva
386 2883 507 2955 decent:
527 2882 597 2940 mihi
608 2883 666 2958 jem
679 2901 737 2941 non
748 2883 826 2958 regie
839 2882 946 2954 Reme,

152 2966 210 3024 Sed
225 2981 345 3025 vacuum
359 2962 451 3020 Tibur
464 2962 565 3038 placet,
580 2952 629 3019 eut
641 2961 753 3020 imbelle
767 2961 934 3024 Tarentum.

191 3048 330 3104 Strenuus
344 3052 373 3100 et
386 3042 474 3113 sortis,
488 3042 637 3115 causisque
651 3040 797 3116 Philippus
809 3039 928 3116 agendis

152 3124 263 3195 Clarus,
277 3124 313 3180 ab
325 3121 425 3180 officiis
438 3131 566 3178 octavam
579 3120 690 3178 circiter
704 3120 801 3179 horam
863 3132 865 3136 ⁴

152 3203 227 3262 Dum
242 3202 325 3274 redit,
337 3212 420 3276 atque
434 3200 494 3257 lero
507 3196 628 3256 nimium
641 3199 743 3257 distare
758 3198 879 3257 Carinas

151 3282 216 3342 Jem
230 3282 343 3358 grandis
356 3291 425 3339 natu
439 3279 573 3354 queritur,
587 3279 740 3354 cwspexit
755 3288 785 3336 ut
799 3279 888 3351 aiunt,

151 3364 294 3421 Adrasum
308 3360 450 3434 quendam
464 3359 553 3417 secut
566 3359 689 3417 tonsoris
699 3358 730 3415 in
742 3357 854 3430 umbri,

151 3440 275 3499 Geltello
289 3439 413 3514 proprios
425 3449 592 3514 purgantem
606 3436 706 3497 leniter
720 3456 738 3493 u
780 3455 840 3496 ucs.

153 3525 171 3552 ‘⁶
184 3518 340 3588 Demetri,'’
357 3515 440 3593 (puer
454 3519 502 3575 hic
514 3537 572 3575 non
585 3516 655 3575 leve
667 3517 747 3591 jussa
784 3514 882 3590 hilippi

152 3596 346 3674 decipiebat)
362 3599 380 3624 “
393 3595 459 3665 sbi3
479 3615 573 3671 quere
588 3607 616 3654 et
630 3595 712 3664 refer,
728 3594 803 3651 unde
816 3595 913 3664 doure,
921 3591 995 3667 quis,
1050 3628 1052 3632 =

152 3679 243 3755 Cujus
257 3675 392 3742 sortuuae3
412 3693 468 3748 quo
481 3676 517 3733 sit
529 3686 619 3750 patre,
632 3689 721 3748 quove
735 3671 878 3747 patron0.’'

152 3757 190 3832 lt,
205 3755 286 3828 rcdit,
300 3763 329 3812 et
342 3761 452 3811 narrat:
472 3753 618 3811 Vulteium
632 3750 746 3810 nomine
758 3749 886 3824 Menam,

998 748 1004 762 0
1050 745 1081 771 ἡ,
