2444 4216
40 266 43 273 .
148 217 204 279 102
467 215 498 274 Q.
516 214 660 265 nonam
677 215 801 266 abaco!

185 359 339 418 Certatim:
359 358 472 417 tandem
487 360 576 417 lessus
590 357 711 416 dormire
724 359 812 416 viator

185 438 304 515 Incipit;
326 455 360 496 ac
373 438 465 494 missa
478 448 589 512 pastum
602 437 759 494 retinacula
770 435 855 494 molar

111 529 113 535 ’
186 517 215 574 N
217 529 283 575 auta
295 518 374 593 piger
387 535 455 572 saxo
467 515 576 592 religat,
591 516 737 590 stertitque
751 515 877 590 supinus.

185 595 305 671 Jamque
319 596 379 652 dies
392 595 499 666 aderat,
511 613 599 668 quum
613 595 653 651 nil
666 595 818 670 procedere
832 593 944 652 lintrem

187 675 346 743 Sentimus3
367 673 458 730 donec
471 673 635 730 cerebrosus
647 672 755 748 prosilit
766 691 848 745 uuus,

186 755 231 811 Ac
244 752 328 809 mulae
340 762 488 826 nautaque
501 762 587 827 caput
599 751 764 827 lumbosque
778 752 888 830 saligno

186 831 273 889 Fuste
288 831 379 889 dolat:
400 831 499 905 quarti
513 831 558 887 vix
571 830 686 890 demum
700 831 865 906 exponimur
879 830 956 888 hori.

185 911 245 968 Ora
257 928 412 985 manusque
426 911 476 967 tui
489 908 615 981 lavimus,
630 909 763 981 Feronia,
777 909 900 986 lymphi„

186 988 277 1046 Millia
290 1000 351 1046 tum
364 989 459 1064 pransi
472 988 527 1045 tria
540 989 673 1064 repimus,
688 1000 770 1063 atque
784 990 912 1046 subimus

185 1068 352 1143 Impositum
365 1068 439 1126 saxis
453 1064 510 1124 latd
525 1068 713 1124 candentibus
726 1068 836 1126 Anxur.

185 1146 253 1204 Huc
267 1158 400 1204 venturus
414 1157 475 1203 erat
487 1143 640 1219 Maecenas,
653 1147 776 1222 optimus
788 1158 872 1224 atque

186 1226 334 1298 Cocceius,
348 1225 427 1282 missi
440 1225 550 1301 magnis
563 1225 599 1281 de
612 1226 696 1283 rebus
709 1238 827 1301 uterque

186 1304 295 1381 Legati,
309 1323 419 1362 aversos
434 1303 506 1361 soliti
517 1322 685 1378 componere
700 1305 813 1363 amicos.

185 1383 244 1441 Hic
258 1385 348 1441 oculis
361 1402 415 1458 ego
428 1383 510 1458 nigra
522 1382 593 1440 meis
607 1382 721 1457 collyria
734 1385 828 1459 lippus
844 1388 847 1393 '

185 1462 308 1521 Illinere.
350 1462 463 1520 Interea
476 1461 620 1518 Maecenas
632 1462 747 1520 advenit
761 1474 844 1538 atque

185 1540 326 1598 Cocceius
328 1541 505 1616 ,Capitoque
519 1540 602 1597 simul
616 1539 762 1614 Fonteius,
776 1543 811 1599 ad
826 1559 951 1630 unguem
988 1584 991 1589 -

186 1620 292 1678 Factus
303 1586 399 1692 bdmc,
413 1618 532 1691 Antoni,
547 1638 605 1677 non
619 1632 651 1677 ut
664 1617 754 1696 magis
768 1620 837 1679 alter
839 1620 988 1694 ,amicus¹

223 1698 340 1756 Fundos
354 1699 469 1757 Aufidio
483 1699 577 1756 Lusco
590 1709 716 1788 praetore·
719 1699 837 1758 libenter

185 1777 384 1853 Linquimus,
377 1797 469 1834 insani
462 1777 607 1835 ridentes
621 1779 736 1853 praemia
750 1779 858 1851 scribae,

185 1858 361 1929 Praetextam,
374 1869 404 1916 et
416 1857 504 1915 latum
517 1857 637 1928 clavum,
651 1875 804 1932 prunaeque
817 1857 952 1915 batillum.

186 1937 220 1994 In
235 1935 442 1994 Mamurrarum
455 1936 521 1995 lassi
536 1937 638 2000 deinde
653 1937 723 1994 urbe
736 1955 893 2009 manemus,

186 2015 315 2073 Muraenia
329 2017 472 2091 prebente
485 2017 600 2073 domum
603 2015 764 2105 ,Capitone
777 2015 910 2111 cplinam.

224 2094 338 2152 Postera
351 2095 399 2152 lux
411 2095 498 2153 oritur
512 2092 601 2153 multd
615 2094 792 2171 gratissima:
813 2112 934 2169 namque

184 2170 291 2230 Plotius
304 2184 332 2230 et
345 2173 449 2230 Varius
464 2173 606 2231 Sinuessa
617 2174 807 2250 virgiliusque

185 2252 363 2320 Occurruut3
384 2252 484 2309 animae
487 2252 604 2341 ,quales
617 2272 709 2342 neque
723 2253 901 2310 candidiores

185 2330 277 2388 Terra
289 2331 363 2403 tulit,
375 2350 466 2406 neque
479 2332 558 2407 queis
568 2351 614 2388 me
627 2331 664 2389 sit
677 2331 832 2388 devinctior
846 2331 922 2388 alter.

184 2410 212 2467 Ο
226 2409 273 2486 qui
288 2411 450 2486 complexus
464 2421 493 2468 et
506 2410 610 2486 gaudia
623 2422 727 2486 quanta
741 2409 869 2466 fuerunt!

183 2489 233 2547 Nil
247 2509 300 2566 ego
313 2489 481 2548 contulerim
491 2489 619 2566 jucundo
630 2508 715 2546 sanus
729 2489 831 2546 amico.

184 2568 317 2626 Proxima
331 2569 477 2644 Campano
489 2569 567 2644 ponti
581 2587 643 2645 quar
657 2569 751 2626 v'illula
764 2578 870 2626 tectum

183 2648 315 2719 Praebuit,
329 2660 358 2706 et
370 2649 495 2722 parochi,
508 2667 570 2724 quar
583 2649 697 2720 debent,
710 2647 789 2724 ligna
801 2647 951 2722 salemque.

183 2726 262 2784 Hinc
276 2727 344 2783 muli
357 2727 463 2802 Capua
479 2727 597 2784 clitellas
609 2740 734 2802 tempore
747 2737 864 2802 ponunt.

183 2806 292 2864 Lusum
305 2805 327 2862 it
339 2803 498 2874 Maecenas3
519 2805 670 2862 dormitum
684 2825 738 2881 ego
751 2805 958 2882 virgiliusque:

183 2885 313 2960 Namque
326 2884 383 2961 pilai
396 2884 499 2961 lippis
492 2884 639 2941 mimicum
653 2895 681 2941 et
694 2885 791 2941 ludere
805 2883 909 2941 crudis.

222 2963 300 3021 Hinc
313 2984 365 3022 nos
378 2963 494 3023 Cocceii
506 2963 639 3059 recipitp
639 2963 782 3021 lenissima
795 2962 868 3035 villa,
999 2974 1003 2979 “
1074 2962 1117 3021 bt)

181 3041 257 3103 Quae
271 3062 353 3118 super
367 3055 410 3101 est
423 3041 515 3101 Caudi
530 3059 687 3120 cauponas.
720 3041 807 3099 Nunc
820 3009 890 3099 milri
900 3039 1030 3118 paucis

183 3120 323 3178 Sarmenti
337 3141 440 3178 scurrae
453 3141 577 3198 pugnam
591 3121 735 3197 Messique
749 3122 861 3194 Cicirri,

182 3197 276 3269 Musa,
290 3200 373 3256 velim
387 3219 540 3269 memores3
562 3213 591 3259 et
603 3220 658 3276 quo
672 3212 749 3277 patre
763 3212 846 3258 natus
860 3210 977 3275 uterque

181 3245 340 3335 Coutdlerit
353 3278 422 3335 lites.
457 3245 547 3335 Messi
560 3279 667 3337 clarum
680 3298 770 3356 genus
783 3278 869 3350 Osci3

182 3357 323 3415 Sarmenti
337 3357 451 3414 domina
463 3366 561 3413 exstat.
602 3359 649 3414 Ab
663 3359 706 3415 his
720 3357 871 3433 majoribus
885 3357 938 3416 orti
1073 3359 1116 3416 55

181 3437 229 3495 Ad
242 3454 365 3514 pugnam
378 3433 490 3493 vendre.
532 3435 610 3493 Prior
625 3437 806 3494 Sarmentus:
828 3437 931 3512 “Equi
945 3447 973 3495 te

181 3516 252 3574 Esse
266 3515 316 3574 feri
329 3514 449 3573 similem
462 3515 552 3574 dico.'’
594 3514 748 3571 Ridemus:
768 3526 797 3572 et
811 3515 870 3590 ipse

180 3594 313 3668 Messius,
329 3594 492 3670 “Accipio'’
500 3615 507 3665 ;
528 3604 612 3671 caput
624 3604 654 3650 et
666 3603 765 3650 movet.
807 3598 824 3623 “
834 3593 862 3650 Ο
876 3606 925 3652 tua
938 3613 1027 3654 cornu
1081 3608 1087 3617 ’

180 3674 220 3732 Ni
235 3676 304 3734 soret
316 3685 430 3733 exsecto
444 3674 548 3746 frons,”
561 3673 660 3749 inquit,
675 3671 770 3746 “quid
784 3672 901 3746 faceres,
915 3692 1003 3750 quum

181 3754 231 3811 Sic
243 3756 358 3814 mutilus
371 3753 552 3814 minitarisl'’
593 3754 634 3811 At
646 3751 687 3811 illi
700 3751 774 3810 ioeda
786 3751 904 3811 cicatrix
1073 3753 1114 3810 60
