2444 4216
143 204 199 264 154
457 204 488 262 o
506 202 650 253 nonani
665 202 798 254 scacer-
824 210 849 247 η.

178 348 351 421 Praeconem,
362 348 440 406 tenui
454 366 551 420 censu,
566 347 627 404 sine
641 347 760 406 crimine
773 358 888 419 notum;
912 348 917 391 ἶ
944 373 947 380 ·
966 378 969 383 ·
1003 367 1010 393 r
1038 364 1040 369 ’
1063 350 1117 408 :55

178 427 216 484 Et
229 447 375 503 properare
389 427 459 498 loco,
474 437 502 485 et
515 444 635 498 cassare,
648 438 680 484 et
691 444 826 502 querare,
840 428 935 501 etuti,
1001 456 1004 461 ·

178 507 355 564 Gaudentem
369 506 514 582 parvisque
528 505 672 564 sodalibus
684 517 714 563 et
727 507 885 580 larecerto,
914 548 917 553 Δ
1076 514 1079 521 “

139 613 145 626 1
179 585 216 643 Et
229 587 311 658 ludis,
326 597 363 657 et,
377 597 440 661 post
453 579 549 642 decisa
563 585 685 660 negotia,
699 585 816 661 Campo.
859 610 872 625 ··
920 614 933 637 .·
1021 594 1034 627 ·'

179 669 197 694 “
210 665 311 722 Scitari
325 665 394 721 libet
407 682 443 721 err
456 664 516 740 ipso
529 681 705 739 quaecunque
718 665 821 723 refers:
842 664 890 721 dic

178 745 350 801 Adcoenam
364 744 483 809 veniat;'’
525 743 593 800 Non
606 741 676 800 salar}
691 745 806 802 credere
821 741 937 800 Mena:·
1036 742 1039 749 ’
1078 746 1117 803 60

178 821 275 879 Mirari
289 842 387 879 secum
397 823 507 879 tacitus.
547 822 629 882 Quid
643 822 753 880 multat
775 828 792 883 f‘
808 820 966 900 Benigud,''
996 860 1000 867 ·
1026 860 1029 867 -

178 901 351 976 Respondet.
393 906 411 934 ‘⁴
424 901 519 978 Neget
532 900 579 958 ille
593 901 662 958 mihi
672 902 737 958 l’'v“
749 900 846 978 Negat
859 903 1012 978 improbus,
1022 910 1055 960 *et
1068 915 1096 961 te

177 980 313 1056 Negligit,
328 991 376 1038 aut
390 982 510 1038 horret.’'
554 981 698 1038 Volteium
710 979 797 1040 mand
809 982 958 1057 Philippus

177 1060 253 1116 Vilia
267 1059 436 1117 vendentem
449 1060 576 1118 tunicato
587 1071 682 1118 scruta
693 1061 807 1137 popello
826 1095 829 1098 <
946 1094 948 1099 ·
1028 1094 1031 1099 ·

125 1213 127 1216 y
177 1137 318 1214 Occupat,
332 1150 362 1196 et
373 1141 482 1197 salvere
490 1140 571 1216 jubet
583 1139 666 1216 prior.
708 1138 761 1197 Ille
775 1139 904 1217 Philippo
976 1170 978 1175 ·
1058 1142 1118 1199 '265

177 1217 321 1275 Excusare
334 1219 458 1276 laborem
472 1229 501 1286 et
515 1214 690 1276 mercenarie
702 1218 805 1292 vincla,
820 1240 833 1285 1

176 1295 265 1358 Quod
279 1317 336 1354 non
351 1296 435 1355 mand
449 1298 564 1356 domum
579 1300 713 1368 venisset3
734 1299 866 1375 denique,
878 1295 954 1375 qudd
968 1316 1027 1358 non

177 1375 432 1434 Providisseteum.
474 1378 552 1439 “Sic
566 1378 815 1454 ignotisse‘putato
934 1423 938 1429 ,
1058 1384 1074 1400 ’·

177 1453 226 1512 Me
240 1457 300 1527 tibi,
314 1457 337 1513 si
352 1457 545 1524 crepas-hodie
558 1458 699 1515 mecnmP
723 1495 725 1499 -
741 1463 759 1488 ‘⁸
772 1457 810 1514 Ut
823 1457 917 1516 libet.''
959 1462 978 1491 “
992 1456 1069 1534 Ergo

177 1534 243 1591 Post
256 1555 360 1593 nonam
374 1536 485 1593 venies:
507 1554 586 1593 nunc
600 1537 618 1608 i,-
633 1555 692 1593 rem
706 1547 838 1595 strenuus
851 1537 951 1620 aegest’
1068 1538 1118 1595 *70

176 1613 214 1670 Ut
228 1626 342 1671 ventum
356 1616 394 1671 ad
406 1609 515 1672 coenam
531 1626 583 1686 est,
597 1616 720 1675 dicenda
732 1617 854 1673 tacenda
867 1617 985 1688 locutus,
1071 1626 1075 1634 '

177 1692 309 1750 Tandem
324 1695 475 1750 dormitum
489 1696 646 1752 dimittitur.
688 1695 758 1768 Hic,
771 1696 819 1752 ubi
833 1692 908 1772 saepe

175 1770 329 1829 Occultum
344 1773 419 1830 visus
433 1773 583 1831 decurrere
597 1774 683 1849 piscis
697 1776 733 1831 ad
748 1777 872 1847 hamum,

177 1849 264 1909 Mand
279 1853 378 1924 cliens,
393 1853 490 1928 etjam
505 1864 598 1910 certus
612 1854 738 1925 conviva,
747 1853 868 1929 ‘jubetur

178 1931 258 1989 Rura
270 1932 433 1989 suburbana
447 1932 568 1990 indictis
575 1951 671 1989 comes
685 1933 725 1989 ire
740 1931 856 1988 Latinis.
929 1961 932 1964 ·
988 1960 992 1971 ·

176 2009 327 2086 Impositus
340 2011 452 2068 mannis
466 2012 735 2086 ervum-coelumque
750 2011 888 2068 Sabinum
904 2018 909 2033 “

176 2087 244 2145 Νοη
258 2101 350 2145 cessat
363 2090 486 2148 laudare.
527 2091 623 2162 Videt,
637 2091 765 2165 ridetque
779 2089 941 2167 Philippus:

175 2168 222 2239 Et,
237 2168 289 2224 sibi
304 2168 371 2223 dum
385 2170 522 2242 requiem,
535 2171 603 2224 dum
617 2170 690 2225 risus
704 2169 831 2243 undique
840 2169 949 2244 querit,

175 2245 250 2302 Dum
265 2256 371 2321 septem
386 2247 471 2303 donat
484 2247 620 2317 sestertia,
636 2256 735 2304 mutua
748 2258 866 2321 septem
943 2246 947 2257 '

175 2325 323 2397 Promittit,
338 2326 486 2400 persuadet
500 2321 541 2383 uti
555 2332 695 2382 mercetur
709 2326 840 2400 agellum.

176 2400 335 2462 Mereatur:
356 2424 393 2462 ne
407 2396 434 2462 te
448 2405 541 2480 longis
555 2405 721 2480 ambagibus
735 2402 808 2461 nltrd

173 2482 273 2544 Quem
287 2481 354 2541 satis
368 2495 410 2542 est
424 2503 515 2541 morer
527 2504 533 2554 ;
555 2503 590 2541 ex
602 2483 692 2541 nitido
704 2483 736 2540 lit
748 2483 880 2555 rusticus,
895 2494 980 2560 atque
1024 2507 1026 2511 ·
1047 2524 1050 2531 ι

176 2564 277 2621 Sulcos
291 2575 322 2620 et·
333 2564 431 2622 vineta*
440 2574 537 2639 crepat
550 2580 637 2635 mera,
650 2563 900 2641 preparatum,
916 2576 919 2584 ·
953 2601 955 2605 ⁴
1017 2590 1024 2615 a

175 2641 338 2700 Immeritur
352 2643 461 2714 studiis,
476 2653 504 2699 et
518 2661 612 2700 amore
626 2644 749 2700 senescit
762 2643 893 2701 habendi.

175 2721 283 2779 Verirm
298 2722 345 2777 ubi
359 2741 425 2778 ores
439 2722 521 2794 furto,
536 2723 634 2780 morbo
645 2721 759 2797 periere
771 2722 896 2796 capellae,

174 2801 260 2877 Spem
276 2801 392 2857 mentita
405 2819 496 2876 seges,
512 2801 562 2858 bos
572 2813 615 2858 est
627 2811 745 2858 enectus
759 2802 880 2870 arand03

174 2879 309 2937 Offensus
321 2881 443 2952 damnis,
456 2880 551 2938 media
565 2881 601 2937 de
615 2891 699 2957 nocte
713 2882 853 2938 caballum

177 2959 292 3033 Arripit,
307 2960 449 3036 iratusque
464 2958 586 3036 Philippi
600 2960 691 3017 tendit
704 2961 740 3016 ad
754 2962 837 3017 aedes.

172 3035 270 3096 Quem
285 3039 367 3096 simul
382 3039 635 3115 aspexit·acabrum
647 3040 844 3115 intonsumque
859 3040 1013 3114 Philippus,

103 3148 104 3152 =
175 3119 192 3144 “
207 3114 329 3185 Durus,''
346 3117 393 3188 ait,
408 3123 425 3149 “
439 3119 544 3190 Vultei,
559 3120 645 3177 nimis
658 3130 836 3195 attentusque
850 3119 951 3178 rideris

174 3192 244 3250 Esse
259 3194 354 3250 mihi.'’
397 3201 415 3226 “
427 3196 486 3266 Pol,
499 3213 546 3253 ms
561 3200 705 3271 miserum,
719 3210 845 3275 patrone,-
859 3216 982 3270 vocares,

174 3273 206 3328 Si
221 3272 333 3344 velles,'’
346 3272 478 3348 inquit,'“
494 3292 591 3332 verum
605 3278 675 3335 mihi
685 3296 790 3354 ponere
804 3297 917 3336 nomen.
961 3305 965 3316 ·

173 3351 261 3413 Quod
276 3363 303 3408 te
317 3370 366 3426 per
380 3351 514 3424 Genium,
529 3353 720 3431 dextramque,
732 3358 855 3432 deosque
869 3358 990 3416 Penates

154 3446 156 3451 ·
173 3431 302 3487 Obsecro
316 3442 344 3487 et
357 3431 490 3502 obtestor,
504 3431 567 3488 vite
581 3451 626 3488 me
640 3437 727 3492 redde
740 3435 853 3510 priori.”

212 3510 274 3571 Oui
288 3510 374 3567 semel
389 3506 498 3585 sepeliit
510 3507 646 3586 quantum
661 3514 776 3570 dimisse
789 3516 883 3591 petitis

175 3589 320 3662 Praestent,
335 3587 444 3646 mature
458 3591 564 3663 redeat,
575 3602 738 3667 repetatque
753 3593 858 3652 relicta.

175 3667 271 3725 Metiri
285 3688 315 3726 se
329 3684 467 3745 quemque
482 3688 537 3729 suo
548 3670 669 3746 modulo*
675 3689 709 3728 ac
722 3673 795 3749 pede
810 3692 907 3731 verum
921 3683 972 3732 est.
