2444 4216
108 216 150 277 36

429 212 628 265 canmlnuu
644 210 710 262 LIB.
728 213 762 261 ΙΙ,

304 359 412 436 Pugnae
426 359 558 416 ferebaris
569 360 647 423 :jsed
661 359 737 416 idem

343 438 425 496 Pacis
437 456 499 495 eras
512 428 676 514 mediusque
689 437 764 496 belli.

265 515 311 575 'l'e
324 517 393 575 vidit
406 517 502 574 insons
515 517 656 574 Cerberus
670 535 756 575 aureo

264 596 517 668 Coronaeorum,
531 596 631 654 leniter
645 607 768 654 atterens

302 674 446 744 Caudam;
466 687 496 733 et
508 676 667 733 recedentis
679 673 806 751 trilingui

339 752 399 812 Ore
412 755 499 831 pedes
511 756 657 832 tetigitque
671 774 761 812 crura.
846 790 848 795 ·
906 791 909 794 <

496 1064 580 1124 ODE
594 1064 695 1126 XVII.

463 1205 503 1244 ΔΙ)
516 1204 722 1246 MECENATBM.

263 1307 336 1367 Non
349 1305 461 1378 usitati,
476 1325 533 1364 non
547 1306 628 1363 tenui
642 1306 714 1364 ferar

262 1386 363 1445 Penni
377 1385 502 1442 biformis
514 1404 564 1460 per
577 1385 716 1459 liquidum
730 1387 834 1446 aethera

301 1466 402 1523 Vates:
424 1482 515 1539 neque
530 1464 559 1520 in
572 1464 653 1520 terris
666 1467 795 1524 morabor

340 1540 484 1619 Longius:
504 1543 665 1618 invidiaque
678 1545 766 1620 major

262 1623 353 1682 Urbes
367 1623 529 1698 relinquam.
564 1621 631 1679 Non
644 1641 708 1699 ego,
722 1643 876 1699 pauperum

264 1703 387 1779 Sanguis
400 1703 558 1779 parentum,
572 1720 630 1760 non
643 1721 707 1779 ego,
720 1722 805 1778 quem
818 1723 902 1762 vocas

301 1782 422 1853 Dilecte‚
437 1780 591 1852 Maecenas,
605 1781 698 1854 obibo,

349 1861 414 1919 Nec
427 1862 526 1937 stygin
540 1860 692 1918 cohibebor
706 1861 793 1919 nudi.

263 1941 329 2000 Jam
340 1941 399 2018 jam
411 1941 539 1998 residunt
552 1940 680 1997 cruribus
694 1959 800 2016 asperae

263 2021 372 2079 Pelles:
392 2031 421 2078 et
434 2021 528 2077 album
543 2032 635 2077 mutor
649 2020 678 2076 in
693 2020 788 2078 alitem

303 2101 449 2176 Superna:
463 2110 672 2175 nascunturque
686 2094 761 2156 le'ves

342 2177 396 2235 Per
409 2178 512 2254 digitos
526 2180 711 2254 humerosque
724 2179 835 2255 plumae.

263 2256 327 2316 Jum
341 2256 476 2314 Daedneo
489 2258 565 2315 ocior
579 2256 661 2314 Icaro
724 2270 729 2277 “

262 2337 360 2394 Visam
374 2337 513 2412 gementis
526 2336 618 2393 littora
631 2335 759 2412 Bospori,

302 2417 453 2492 Syrtesque
466 2415 600 2486 Getulas,
614 2434 735 2473 canorus

341 2496 420 2568 Ales,
435 2495 686 2572 Hyperboreosque
700 2514 822 2572 campos.

263 2574 313 2632 Me
327 2576 461 2647 Colchus,
475 2575 564 2651 etqui
578 2574 734 2632 dissimulat
747 2587 855 2634 metum

264 2653 366 2712 Marsoe
380 2655 501 2713 cohortis
514 2654 621 2726 Daciae,
634 2667 663 2713 et
676 2654 767 2713 ultimi

302 2732 431 2790 Noscent
443 2734 560 2789 Geloni:
582 2753 627 2790 me
638 2735 745 2807 peritus

326 2875 329 2883 ,
349 2811 448 2897 Discet
461 2810 535 2882 Iber,
550 2811 739 2886 Rhodanique
752 2824 840 2887 potor.

263 2892 371 2950 Absint·
381 2890 458 2948 inani
473 2890 571 2949 funere
582 2890 692 2961 naeniae,

264 2971 427 3048 Luctusque
440 2983 545 3047 turpes,
559 2981 588 3027 et
600 2969 795 3044 querimoniae:
895 2990 900 3001 ¹

302 3052 458 3127 Compesce
472 3051 632 3122 clamorem,
644 3068 678 3106 ac
691 3049 812 3126 sepulcri

341 3129 424 3188 Mitte
438 3150 625 3206 supervacuos
638 3131 766 3189 honores.
