2444 4216
226 509 274 602 Q.
313 506 589 584 Hostum
628 454 880 583 raiccr'
923 619 928 630 .

427 717 669 822 asopus
804 717 807 724 “

442 941 600 1050 *LIBER*

317 1241 783 1258 w

461 1437 462 1440 Ἴ
488 1448 572 1509 ΟΒΕ
591 1449 615 1509 Ι.

420 1589 462 1661 ΑΙ)1
473 1582 679 1663 maceriarum.
763 1582 765 1587 ’
798 1579 801 1588 “

180 1694 243 1753 Iars
256 1689 391 1750 Liburnis
403 1690 476 1750 iuter
490 1690 546 1749 alta
556 1688 680 1763 navium,

298 1770 410 1843 Amice,
423 1771 642 1847 propugnamus,

180 1852 297 1912 Paratus
307 1869 391 1908 omne
405 1849 525 1907 Cesaris
539 1849 696 1926 perieulum

298 1931 410 2000 Subire,
424 1927 579 2001 Maeeenas,
593 1940 650 1985 tuo.

179 2010 260 2073 Quid
271 2029 332 2081 nos,
346 2009 447 2085 quibus
460 2019 488 2065 te
502 2005 559 2065 vita
573 2009 597 2066 si
611 2006 760 2083 superstite

298 2088 432 2165 Jueunda
440 2107 448 2157 ;
469 2087 492 2161 si
506 2083 615 2159 eontra,
629 2087 745 2163 gravisl

132 2220 136 2231 .
181 2166 321 2231 Utrumne
332 2167 403 2244 jussi
416 2185 616 2243 persequemur
628 2167 728 2240 otium,

297 2246 365 2305 Non
380 2245 473 2320 dulae,
488 2248 518 2305 ni
529 2259 627 2318 tecum
640 2247 742 2314 simull

181 2328 229 2386 Aa
243 2330 320 2386 hune
334 2327 456 2384 laborem
472 2338 567 2385 mente
580 2323 673 2397 latiari,
687 2328 771 2384 decet

296 2406 367 2467 Qut
381 2405 453 2463 ferre
466 2426 524 2464 non
538 2407 636 2463 molles
651 2405 746 2461 virosi
855 2465 858 2476 ‚

182 2485 335 2552 Feremus3
345 2488 346 2491 ’
357 2495 385 2541 et
398 2495 427 2541 te
440 2484 482 2541 vel
497 2503 547 2559 per
561 2484 678 2558 Alpium
690 2482 768 2558 juga,

299 2561 502 2636 Inhospitalem
517 2571 546 2618 et
559 2561 731 2634 Caucasum,

183 2641 238 2701 Vel
252 2640 410 2700 occidentis
424 2656 511 2716 usque
526 2641 562 2697 ad
576 2639 706 2697 ultimum
719 2639 823 2714 sinum,

299 2719 377 2776 Forti
391 2737 539 2794 sequemur
552 2731 674 2795 pectere.

181 2802 280 2878 Reges
293 2810 373 2856 tuum
388 2799 482 2857 labore
495 2799 562 2875 quid
573 2799 669 2874 juvem
683 2818 747 2858 meo

282 2934 285 2941 ,
299 2877 435 2951 Imbellis,
449 2897 483 2935 aa
497 2879 593 2935 firmus
608 2878 726 2953 peruml
789 2923 795 2946 „

183 2961 287 3019 Comes
301 2958 410 3015 minore
424 2976 487 3013 sum
501 2956 612 3014 futurus
626 2957 654 3012 in
666 2967 754 3028 metu,

298 3036 360 3100 Qui
374 3035 462 3112 major
476 3035 608 3101 absentes
620 3035 721 3093 habet:

182 3118 221 3177 Ut
233 3117 361 3176 assidens
375 3114 556 3190 implumibus
568 3113 652 3191 pullis
665 3114 724 3174 avis

301 3194 482 3272 Serpentium
496 3192 711 3270 allapsustimet

184 3273 279 3353 Magis
291 3275 413 3344 relictis;
435 3293 503 3346 non,
517 3284 547 3331 ut
560 3273 643 3346 adsit·
657 3273 744 3334 auxili
788 3323 791 3327 .

301 3355 406 3414 Latara
418 3354 481 3431 plus
494 3355 687 3430 presentibus.

185 3434 322 3493 Libentur
332 3435 386 3492 hoe
400 3445 429 3492 et
441 3452 525 3492 omne
539 3430 703 3493 militabitur
747 3480 748 3485 ,

303 3511 412 3587 Bellum
426 3515 456 3572 iu
467 3526 522 3572 tuae
536 3533 615 3591 spem
629 3513 744 3588 gratie:

187 3592 255 3651 Non
268 3602 301 3649 ut
311 3592 439 3668 juvencis
452 3593 558 3671 illigata
571 3592 698 3670 pluribus

304 3673 407 3730 Aratra
416 3673 542 3732 nitantur
552 3671 640 3742 meis,;
691 3726 692 3730 ,
