2444 4216
442 170 473 226 Q.
491 170 634 218 HORATII
652 171 774 219 FLACCI

276 318 343 378 Non
356 313 507 372 verberatae
522 313 659 389 grandine
673 313 779 382 vineae3

275 394 428 452 Fundusve
442 393 672 463 mendax,arbore
686 411 763 449 nuno
778 411 864 468 aquas

313 473 464 547 culpante,
479 489 557 527 nuno
570 471 704 528 torrentia
717 490 800 547 agros

352 551 462 621 Sidera,
476 568 554 606 nuno
567 549 674 609 hiemes
687 549 805 625 iniquas.

275 629 429 688 Contracta
442 629 534 703 pisces
548 647 659 702 aequora
671 629 806 700 sentiunt,

275 708 366 766 Jaotis
380 708 408 764 in
423 707 509 764 altum
524 707 661 764 molibus:
682 709 738 764 huo
753 707 884 782 frequens

315 787 465 862 Carmenta¹
474 786 596 844 demittit
608 786 767 863 redemptor

353 865 427 922 Cum
443 865 562 937 famulis,
573 866 760 941 dominusque
773 877 854 923 terrae

275 944 466 1002 Fastidiosus:
488 945 537 1000 sed
552 943 652 1001 Timor
665 956 693 1001 et
707 943 795 1001 Minae

276 1023 424 1081 Soandunt
436 1021 538 1080 eddem
552 1019 608 1098 qud
621 1023 769 1092 dominus;
790 1042 882 1099 nequo

315 1102 437 1159 Deoedit
451 1102 535 1158 aeratd
548 1102 665 1173 triremi,
679 1112 707 1158 et

353 1180 420 1238 Post
430 1181 552 1256 equitem
567 1182 646 1238 sedet
659 1192 718 1238 atra
731 1180 815 1238 Cura

274 1255 364 1322 Quod
378 1259 402 1316 si
415 1259 556 1316 dolentem
569 1278 624 1316 neo
638 1259 776 1335 Phrygius
788 1259 867 1336 lapis,

275 1337 340 1396 Neo
352 1357 537 1414 purpurarum
552 1339 643 1395 sidere
657 1338 757 1396 clarior

314 1417 429 1473 Delenit
442 1436 519 1486 usus,
533 1435 587 1483 nea¹
602 1416 722 1474 Falerna

353 1495 437 1565 Vitis,
451 1496 703 1552 thaemeniumve
717 1507 842 1567 oostum;

274 1574 335 1631 Cur
348 1573 506 1630 invidendis
519 1574 645 1650 postibus
658 1584 687 1631 et
700 1594 772 1632 novo

276 1652 403 1710 Sublime
417 1653 471 1709 ritu
485 1652 584 1710 moliar
598 1653 718 1711 atrinmt

315 1731 374 1788 Cur
387 1731 459 1789 valle
472 1744 628 1808 permutem
643 1733 751 1791 Sabina

353 1809 472 1869 Divitias
485 1812 676 1888 operosiorest

538 2226 621 2283 ODE
641 2226 681 2284 II.

236 2397 239 2405 ,
276 2366 446 2423 Anousrsnr
460 2362 552 2421 amice
567 2364 728 2440 pauperiem
742 2364 800 2442 pati
887 2386 902 2408 ’-

275 2443 421 2502 Robustus
435 2443 493 2500 aori
507 2443 608 2500 militia
621 2462 690 2520 puer

315 2523 489 2592 Condisoat;
509 2533 538 2580 et
551 2523 669 2582 Parthos
683 2523 791 2580 feroces

353 2602 445 2659 Vexet
458 2621 544 2678 eques
556 2604 726 2661 metuendus
740 2601 836 2660 hasti:

276 2682 426 2755 Virumque
440 2681 493 2736 suh
507 2682 570 2738 divo
584 2694 612 2739 et
625 2682 742 2758 trepidis
756 2693 821 2760 agat

276 2759 312 2817 In
325 2759 416 2816 rebus.
451 2757 536 2814 Illum
549 2779 584 2816 ex
598 2762 739 2816 moenibus
752 2761 869 2820 hosticis

316 2837 447 2894 Matrona
460 2836 590 2894 bellantis
602 2838 712 2912 tyranni

355 2916 542 2993 Prospiciens,
556 2928 585 2973 et
599 2915 694 2974 adulta
707 2916 794 2993 virgo,

278 2997 420 3074 Suspirat:
442 2999 460 3027 “
468 2995 566 3053 Eheu!
587 3015 624 3053 ne
638 2995 716 3053 rudis
729 2996 874 3073 agminum

278 3076 405 3150 Sponsus
417 3075 539 3132 lacessat
552 3075 646 3152 regius
659 3095 789 3152 asperum

317 3152 413 3209 Taotu
426 3153 547 3224 leonem,
560 3174 643 3229 quem
658 3167 775 3214 cruenta

356 3231 410 3287 Per
423 3231 530 3287 medias
544 3233 615 3307 rapit
628 3234 669 3290 ira
683 3235 803 3292 oaedes.''

278 3309 371 3366 Dulce
384 3320 413 3367 et
426 3310 559 3365 deoorum
573 3321 616 3368 est
626 3332 678 3397 pro
690 3313 781 3390 patria
795 3315 881 3372 mori:

279 3387 358 3446 Mors
372 3398 400 3445 et
414 3387 543 3464 fugacem
557 3392 732 3465 persequitur
744 3393 844 3466 virum,

318 3466 382 3524 Neo
394 3468 485 3543 parcit
498 3467 618 3525 imbellis
628 3468 751 3545 juventae

358 3547 513 3622 Poplitibus
523 3547 654 3606 timidove
668 3560 755 3625 tergo.

279 3625 386 3697 Virtus,
400 3626 516 3702 repulsae
530 3627 626 3684 nescia
639 3628 768 3702 sordidae,

281 3704 458 3763 Intaminatis
472 3705 559 3783 fulget
572 3707 724 3766 honoribus
733 3727 747 3765 ε.
