2444 4216
436 219 467 274 Q.
485 215 630 266 HORATll
647 215 770 264 Fanct

464 447 466 451 ·
498 436 582 495 ona
603 435 718 494 xvrn.
778 511 780 515 ,
836 516 839 520 Δ

402 575 435 613 iu
448 573 567 613 osanam
581 574 619 612 nu
633 554 821 611 murmurari..

276 675 400 735 Drnnrn
413 686 518 731 tenerae
532 673 617 730 dicite
631 673 769 749 uirgines:

275 755 432 825 Intonsum,
444 753 535 829 pueri,
549 752 635 809 dicite
649 751 821 826 Cynthium:

429 832 622 906 Latonamque
637 851 766 907 supremo

391 910 531 968 Dilectam
545 907 658 987 penitus
672 910 743 967 Jovi.

273 992 333 1050 Vos
346 990 439 1048 laetam
453 990 553 1062 fluviis,
567 1000 596 1047 et
610 1009 757 1046 nemorum
770 990 863 1062 oona,

272 1069 460 1145 Quaecunque
474 1082 522 1127 aut
536 1070 629 1145 gelido
642 1070 781 1144 prominet
796 1070 909 1146 Algido,

430 1148 528 1224 Nigris
542 1159 590 1205 aut
605 1147 772 1222 Erymanthi

389 1228 482 1298 Silvis,
495 1238 542 1284 aut
555 1228 651 1284 viridis
665 1226 768 1304 Gragi:

272 1306 332 1364 Vos
345 1306 456 1383 Tempe
470 1307 586 1364 totidem
600 1305 688 1363 tollite
703 1307 842 1378 laudibus,

273 1386 469 1461 Natalemque,
484 1404 585 1454 mares,
600 1384 692 1440 Delon
707 1386 857 1462 Apollinis,
1061 1385 1100 1443 10

430 1462 631 1539 Insignemque
645 1463 785 1536 pharetrri,

388 1542 581 1617 Fraternirque
596 1542 743 1598 humerum
758 1543 826 1617 lyni.

272 1622 330 1680 Hic
344 1623 447 1680 bellum
461 1622 658 1698 lacrymosum,
673 1621 720 1678 hic
734 1623 865 1678 miseram
880 1620 982 1678 famem

271 1700 446 1777 Pestemque,
461 1721 478 1758 a
491 1700 593 1777 populo
606 1711 635 1757 et
647 1701 774 1777 principe
788 1701 910 1773 Caesare,
924 1701 955 1758 in

427 1780 527 1838 Persas
541 1792 624 1852 atque
638 1778 789 1838 Britannos
1064 1781 1102 1839 15

389 1859 492 1917 Vestra
506 1871 598 1918 motus
611 1869 676 1934 aget
688 1879 781 1936 prece.

513 2175 596 2232 ODE
611 2175 696 2233 XIX.

428 2311 468 2349 AD
489 2311 634 2352 salemum
654 2313 780 2353 FUSGUM.

271 2411 409 2470 quaosa
422 2413 485 2470 vitae
499 2413 668 2489 scelerisque
681 2432 768 2488 purus

272 2491 339 2550 Non
353 2503 418 2570 eget
431 2491 540 2550 Mauris
551 2493 662 2569 jaculis,
677 2512 768 2568 neque
782 2509 859 2565 arcu,

272 2570 301 2628 N
303 2591 336 2628 ec
350 2573 495 2630 venenatis
508 2574 624 2648 gravidi
639 2572 757 2648 sagittis,
821 2604 825 2614 ·

465 2651 569 2723 Fusae,
583 2652 730 2728 pharetni3

273 2728 337 2785 Sive
350 2747 400 2803 per
416 2729 511 2802 Syrtes
525 2731 576 2786 iter
591 2743 733 2802 oestuosas,

273 2807 338 2864 Sive
352 2807 476 2864 facturus
488 2827 538 2883 per
552 2808 749 2884 inhospitalem

272 2886 443 2959 Caucasum,
457 2887 500 2944 vel
514 2906 576 2961 quae
590 2887 653 2944 loca
667 2886 809 2943 fabulosus

465 2966 579 3024 Lambit
593 2966 749 3042 Hydaspes.

272 3043 401 3120 Namque
415 3064 461 3102 me
475 3047 544 3104 silvai
558 3045 641 3122 lupus
656 3046 685 3102 iu
700 3044 817 3117 Sabina,
873 3046 877 3051 '

272 3123 347 3180 Dum
362 3144 453 3182 meam
467 3138 551 3183 canto
564 3126 700 3202 Lalagen,
715 3135 743 3182 et
757 3124 830 3182 ultra
1058 3125 1097 3184 10

271 3202 439 3259 Terminum
454 3205 529 3261 curis
542 3224 626 3280 vagor
637 3201 784 3280 expeditis,

466 3283 552 3359 Fugit
566 3285 720 3340 inermem:

270 3360 365 3421 Quale
378 3373 537 3436 portentum
549 3382 640 3438 neque
654 3361 780 3419 militaris

271 3439 396 3497 Daunias
410 3441 472 3498 latis
487 3442 535 3499 alit
550 3442 704 3511 aesculetis;

268 3517 298 3573 N
301 3537 335 3575 eo
348 3519 366 3574 J
370 3521 430 3577 ubae
443 3522 526 3578 tellus
540 3532 665 3597 generat,
679 3521 792 3576 leonum

466 3601 555 3657 Arida
569 3601 671 3657 nutrix.
707 3663 710 3670 ,

270 3675 347 3732 Pone
360 3696 405 3733 me
419 3679 505 3753 pigris
519 3680 566 3735 ubi
581 3679 659 3734 nulla
673 3676 781 3751 campis

272 3755 362 3813 Arbor
377 3758 471 3814 aestivri
484 3769 626 3815 recreatur
639 3754 718 3828 aurai,
