2444 4216
482 205 547 256 ans
563 166 716 257 scurror.

144 351 253 423 Credit,
268 361 296 409 et
309 349 433 408 excludit
445 368 528 408 sanos
542 350 681 409 Helieone
694 355 801 428 poetas,

144 429 334 502 Democritus,
347 429 420 487 bona
432 449 497 506 pars
510 450 566 488 non
580 449 690 506 ungues
703 450 807 507 ponere
820 446 910 507 curat,

144 508 212 566 Non
227 509 350 581 barbam,
363 520 473 567 secreta
486 509 554 585 petit
567 509 640 580 loca,
653 510 752 568 balnea
766 512 842 569 vitat.

145 586 175 644 N
178 587 335 645 anciscetur
348 588 424 645 enim
438 589 559 664 pretium
573 606 730 663 nomenque
743 591 845 665 poetar,

146 666 178 723 Si
192 667 280 725 tribus
294 667 438 741 Anticyris
451 677 536 741 caput
549 666 704 723 insanabile
718 687 863 743 nunquam
1026 671 1086 730 300

145 744 267 804 Tonsori
278 745 379 803 Licino
392 745 570 803 commiserit.
611 743 639 800 O
653 763 707 820 ego
719 747 813 818 laevus,

144 824 206 886 Qui
218 843 320 901 purgor
334 824 419 882 bilem
433 824 486 880 sub
499 822 577 880 verni
591 823 724 898 temporis
737 825 850 884 horaml

144 903 211 961 Non
224 903 296 962 alius
309 904 414 960 laceret
428 903 543 961 meliora
555 906 701 977 poemata:
722 899 819 960 verum

144 982 192 1039 Nil
207 983 277 1040 tanti
292 994 342 1040 est.
384 981 461 1058 Ergo
474 982 573 1057 fungar
587 981 648 1038 vice
662 982 742 1054 cotis,
756 994 870 1040 acutum

69 1057 73 1065 ’
144 1062 277 1120 Reddere
290 1079 352 1137 quae
367 1061 470 1118 serrum
484 1061 565 1130 valet,
579 1079 674 1117 exsors
688 1059 747 1136 ipsa
758 1062 891 1118 secandi:
1025 1066 1085 1122 305

144 1139 251 1197 Munus
264 1152 293 1197 et
305 1139 439 1211 officium,
453 1139 492 1196 nil
507 1139 634 1195 scribens
647 1139 717 1213 ipse,
727 1140 850 1208 docebo;

143 1219 226 1277 Unde
240 1229 371 1295 parentur
384 1237 468 1293 opes;
489 1218 556 1292 quid
571 1217 627 1273 alat
641 1217 794 1292 formetque
803 1223 934 1293 poetam;

143 1298 223 1361 Quid
235 1299 343 1369 deceat,
357 1297 424 1373 quid
438 1315 512 1364 non,
533 1293 589 1370 qud
600 1295 697 1366 virtus,
710 1294 765 1371 qud
782 1297 852 1354 ferat
863 1317 948 1356 error.

183 1377 332 1434 Scribendi
346 1372 423 1432 recte
439 1393 535 1451 sapere
549 1385 592 1432 est
605 1385 633 1431 et
645 1374 814 1450 principium
828 1388 856 1433 et
869 1377 939 1434 fons.

115 1472 118 1483 ‘
143 1455 219 1512 Rem
233 1457 283 1512 tibi
298 1455 450 1512 Socraticae
463 1463 594 1529 poterunt
606 1455 753 1511 ostendere
767 1456 888 1513 chartae:
1024 1458 1083 1515 310

143 1535 293 1608 Verbaque
306 1534 515 1610 provisamrem
528 1551 584 1590 non
599 1533 686 1590 invita
696 1546 855 1608 sequentur.

142 1613 203 1674 Qui
218 1613 316 1670 didicit
328 1612 424 1688 patriae
438 1612 505 1687 quid
521 1611 630 1683 debeat,
645 1613 752 1688 etquid
766 1613 875 1685 amicis,

142 1690 211 1753 Quo
222 1693 258 1749 sit
271 1711 365 1751 amore
376 1711 488 1773 parens,
502 1709 558 1765 quo
571 1691 653 1747 frater
667 1693 814 1765 amanduS,
826 1704 854 1750 et
867 1695 980 1770 hospes,

141 1771 229 1832 Quod
243 1772 279 1828 sit
292 1771 452 1847 conscripti,
466 1770 539 1846 quod
550 1770 653 1846 judicis
665 1770 798 1843 officium,
811 1791 874 1846 quae

142 1849 239 1907 Partes
253 1852 282 1908 in
297 1851 491 1908 bellum'missi
504 1851 602 1919 ducis;
623 1850 670 1906 ille
683 1848 810 1925 profectr‘)
1023 1853 1082 1908 315

116 2002 118 2006 y
143 1929 276 1987 Reddere
289 1949 414 2004 personae
429 1930 482 1986 scit
495 1930 692 1991 convenientia
705 1929 815 2003 cuique.

142 2006 298 2084 Respicere
312 2009 452 2084 exemplar
465 2009 528 2064 vitae
543 2015 707 2080 morumq'ue
717 2007 834 2080 jubebo·
867 2010 869 2013 ’

141 2086 263 2145 Doctum
275 2089 451 2158 imitatorem,
464 2097 493 2143 et
506 2082 585 2142 veras
599 2086 665 2141 hinc
680 2085 782 2141 ducere
796 2103 888 2143 voces.

141 2167 287 2225 Interdum
298 2167 425 2243 speciosa
437 2165 508 2222 locis
520 2175 680 2238 morataque
690 2161 768 2221 recte
780 2197 782 2200 >

90 2295 92 2301 s
142 2244 259 2318 Fabula,
274 2247 378 2303 nullius
391 2244 510 2315 veneris,
525 2243 585 2300 sine
598 2243 722 2318 pondere
735 2253 764 2300 et
777 2255 848 2316 arte,
1021 2246 1082 2303 320

141 2324 259 2382 Valdids
273 2326 394 2382 oblectat
406 2323 539 2400 populum
554 2319 708 2396 meliusque
719 2333 852 2394 moratur,

140 2403 238 2465 Quam
252 2424 347 2461 versus
360 2406 458 2479 inopes
471 2421 574 2473 rerum,
588 2419 725 2476 nugaeque
739 2419 859 2457 canora.

185 2483 277 2539 Graiis
291 2483 446 2558 ingenium,
457 2481 551 2537 Graiis
564 2480 641 2536 dedit
653 2497 701 2534 ore
715 2479 835 2535 rotundo

140 2563 226 2621 Musa
235 2562 319 2635 loqui,
333 2571 432 2636 praeter
445 2560 557 2615 laudem
568 2557 672 2613 nullius
685 2557 791 2613 auaris:
822 2589 824 2604 ‹
983 2630 985 2634 y

141 2640 265 2700 Romani
276 2640 355 2714 pueri
367 2637 459 2712 longis
473 2636 626 2693 rationibus
641 2654 731 2691 assem
1021 2637 1081 2694 325

140 2721 263 2779 Discunt
275 2718 305 2774 in
320 2728 412 2793 partes
427 2726 542 2772 centum
557 2715 699 2770 diducere.
741 2718 759 2744 “
774 2713 860 2773 Dicat

140 2800 230 2858 Filius
244 2796 352 2868 Albini,
367 2795 391 2852 si
404 2796 440 2852 de
453 2794 612 2868 quincunce
625 2804 731 2850 remota
745 2803 787 2850 est
871 2829 874 2836 ·

139 2879 240 2949 Uncia,
254 2876 321 2952 quid
336 2885 447 2950 superat
454 2875 483 2930 l'’
520 2878 537 2904 “
552 2872 667 2929 Poteras
681 2872 794 2944 dixisse,
807 2870 939 2929 Triens.²'
975 2877 994 2903 “
1005 2872 1068 2929 Eu!

139 2959 215 3016 Rem
229 2956 332 3033 poteris
345 2972 454 3011 servare
467 2963 552 3010 tuam.
593 2951 682 3008 Redit
695 2951 789 3021 uncia,
803 2951 869 3026 quid
883 2951 950 3008 firt¹'

140 3043 158 3069 “
173 3037 291 3095 Semis.''
334 3034 393 3104 An,
408 3034 469 3089 haec
479 3032 588 3088 animos
599 3048 693 3104 aerugo
707 3040 735 3086 et
749 3046 817 3085 cura
829 3029 922 3104 peculi
1020 3032 1080 3089 330

138 3117 237 3178 Quum
251 3113 337 3173 semel
352 3111 492 3181 imbuerit,
507 3127 650 3185 speramus
664 3109 789 3164 carmina
803 3107 871 3184 fingi

139 3195 224 3252 Posse
238 3193 353 3253 linenda
363 3191 457 3261 cedro,
471 3200 500 3246 et
512 3188 565 3246 levi
577 3188 712 3244 servanda
726 3189 876 3263 cupressol

178 3274 239 3330 Aut
250 3274 381 3348 prodesse
394 3270 499 3342 volunt,
513 3279 561 3325 aut
575 3266 723 3341 delectare,
736 3272 838 3344 poeta,

140 3353 201 3409 Aut
215 3351 296 3408 simul
311 3362 341 3407 et
351 3349 478 3425 jucunda
489 3359 517 3406 et
530 3348 632 3405 idonea
645 3345 740 3405 dicere
753 3348 825 3404 vitae.

138 3430 285 3504 Quidquid
299 3429 451 3504 precipias,
465 3439 526 3485 esto
539 3424 645 3494 brevis3
666 3438 696 3483 ut
710 3423 767 3483 citd
782 3426 860 3483 dicta
1019 3423 1079 3479 305

139 3507 300 3583 Percipient
313 3506 399 3563 animi
412 3507 517 3565 dociles
531 3516 699 3580 teneantque
712 3505 824 3561 fideles:

139 3587 234 3644 Omne
248 3603 450 3661 supervacuum
464 3587 547 3662 pleno
561 3586 721 3659 depectere
735 3594 838 3642 manat.
901 3610 902 3614 ¹

140 3666 223 3725 Ficta
237 3663 383 3742 voluptatis
396 3667 483 3722 causat
498 3666 554 3722 sint
566 3663 693 3740 proxima
706 3661 793 3720 veris:
