2444 4216
446 197 477 251 Q.
495 194 640 242 HORATII
658 195 780 243 nLaccl

280 341 337 397 Seu
352 340 410 396 visa
423 350 466 396 est
480 339 580 396 catulis
594 358 676 397 cerva
689 338 828 411 fidelibus,

277 421 336 477 Seu
349 419 423 494 rupit
436 429 538 476 teretes
552 417 663 475 Marsus
677 437 742 493 aper
755 418 859 494 plagas.

279 497 329 554 Me
343 498 488 554 doctarum
502 499 594 554 ederae
607 498 720 573 praemia
736 497 868 554 frontium

277 576 332 634 Dia
345 577 465 634 miscent
479 577 600 652 superis;
622 595 667 633 me
680 576 805 652 gelidum
817 594 929 650 nemus,

225 702 227 706 .
279 654 532 731 Nympharumque
545 657 620 712 leves
634 675 699 713 cum
715 655 822 729 Satyris
836 655 924 726 chori,

280 735 567 811 Secernnntpopu103
590 736 719 809 sineque
734 735 816 791 tibias

279 814 403 890 Euterpe
414 815 536 887 cohibet,
551 834 605 872 nec
620 814 804 889 Polyhymnia

278 893 419 950 Lesboi'rm
434 894 536 969 refugit
548 894 664 950 tendere
679 894 814 949 barbiton.
867 886 871 899 '

278 970 367 1033 Quod
382 974 405 1030 si
419 993 464 1030 me
478 973 573 1047 lyricis
587 973 696 1029 vatibus
710 973 826 1043 inseres,

280 1053 400 1109 Sublimi
415 1053 513 1109 seriam
526 1052 619 1109 sidera
632 1052 744 1108 vertice,

537 1367 619 1424 ODE
640 1367 680 1424 11.

423 1503 462 1541 AD
477 1502 637 1542 AUGUSTUM
652 1503 806 1543 CAESAREM.
825 1476 827 1483 Ι

279 1602 342 1660 Jiuu
356 1600 424 1660 satis
436 1602 517 1659 terris
531 1602 606 1684 nivis,
616 1613 707 1681 atque
713 1603 781 1660 dira

278 1682 430 1752 Grandinis
444 1680 519 1739 misit
532 1681 624 1758 Pater,
639 1694 677 1755 et,
691 1661 809 1741 rubente

278 1761 402 1820 Dextera
416 1781 510 1817 sacras
521 1761 661 1836 jaculatus
675 1781 765 1835 arces,

464 1839 580 1898 Terruit
593 1842 705 1898 urbem:

278 1919 393 1977 Terruit
406 1930 515 2001 gentes,
526 1939 615 1999 grave
623 1940 659 1978 ne
673 1921 776 1979 rediret

278 1984 420 2056 Saeculbm
434 1984 557 2074 Pyrrhae,
572 2002 643 2057 nc'va
657 2012 781 2058 monstra
794 2012 915 2074 queetae3

278 2077 373 2135 Omne
387 2097 473 2152 quum
487 2079 604 2136 Proteus
617 2099 705 2155 pecus
718 2081 776 2156 egit
789 2081 860 2138 altos

471 2157 571 2215 Visere
585 2171 710 2227 montes;

277 2235 401 2292 Piscium
415 2246 444 2292 et
456 2237 567 2294 summa
581 2256 671 2313 genus
685 2238 766 2296 hesit
780 2239 866 2312 ulmo,

278 2313 337 2372 Not
326 2326 354 2371 ta
367 2334 428 2389 quae
443 2315 524 2372 sedes
538 2315 629 2374 suerat
641 2316 794 2387 columbis;

276 2393 314 2450 Et
327 2394 483 2470 superjecto
496 2395 603 2470 pavide
617 2396 750 2454 natarunt

433 2473 557 2548 AEquore
571 2475 670 2532 damae.
770 2479 774 2489 ’

275 2553 406 2610 Vidimus
419 2551 521 2610 flavum
535 2552 674 2627 Tiberim,
688 2555 812 2615 retortis-

276 2631 323 2688 Lit
312 2643 382 2688 ttore
397 2632 434 2688 Et
423 2643 516 2688 trusco
531 2634 664 2691 violenter
678 2634 771 2707 undis,

277 2709 323 2766 Ire
337 2710 477 2784 dejectum
493 2724 674 2769 monumenta
687 2714 771 2788 regis,

433 2787 694 2885 Templaquet
624 2790 735 2846 Vestae:

276 2867 336 2924 Iliae
350 2868 417 2924 dum
432 2887 462 2923 se
476 2865 595 2925 nimidm
609 2868 759 2942 querenti

276 2947 294 3002 J
297 2959 371 3004 actat
385 2947 425 3003 ult
414 2958 511 3018 torem,
527 2966 613 3023 vagus
627 2958 656 3004 et
669 2947 782 3004 sinistra

276 3027 392 3083 Labitur
406 3027 475 3101 ripa,
490 3026 560 3085 Jove
574 3046 630 3084 non
645 3028 789 3102 probante,
803 3047 834 3086 ιι-

432 3125 525 3162 xorius
540 3126 638 3162 amnis.

276 3184 384 3240 Audiet
397 3183 471 3239 cives
486 3185 595 3241 acuisse
609 3185 711 3242 serrum
757 3222 764 3232 x

276 3262 345 3322 Quo
359 3280 456 3336 graves
471 3261 563 3319 Persae
578 3261 678 3320 melitis
691 3265 830 3340 perirent;

277 3341 384 3397 Audiet
397 3358 515 3415 pugnas,
530 3341 596 3398 vitio
609 3343 757 3417 parentum

433 3419 541 3476 Rara
512 3433 670 3494 ,.yuventus

275 3498 372 3559 Quem
388 3510 466 3555 vocet
480 3499 573 3556 divum
587 3502 705 3576 populns
719 3502 826 3560 ruentis

276 3575 381 3652 Imperi
395 3578 497 3634 rebus?
518 3599 670 3656 preceque
685 3582 803 3657 fatigent

275 3658 407 3732 Virgines
421 3670 524 3714 sancta
539 3657 632 3717 minus
646 3661 808 3723 audientem

432 3735 565 3797 Carmina
576 3739 692 3798 Vestam
702 3741 714 3798 ι
