2444 4216
390 211 585 260 CARMINUM
603 211 667 258 LIB.
684 212 705 259 Ι.

216 354 272 415 Cui
286 351 362 410 dabit
373 364 465 429 partes
479 353 570 410 scelus
583 354 713 429 expiandi

216 432 345 509 Jupitert
365 432 479 490 tandem
493 432 597 504 venias,
611 450 767 508 precamur,

129 557 134 569 .
215 510 300 568 Nube
313 510 467 568 candentes
480 510 610 568 humeros
624 512 751 582 amiotus,

371 590 471 665 Augur
485 589 593 664 Apollo.

217 668 282 726 Sive
295 680 327 725 tu
340 668 436 739 mavis,
450 667 573 742 Erycina
586 668 690 737 ridens,

215 747 312 808 Quam
326 745 413 803 Joous
426 746 615 816 circumvolat,
629 757 658 802 et
670 746 788 821 Cupido.

217 826 282 882 Sive
296 825 456 901 neglectum
469 844 559 900 genus
572 837 601 882 et
614 836 728 900 nepotes

371 903 512 979 Respicis,
527 914 632 976 auotor,

217 982 299 1039 Heu!
320 982 404 1039 nimis
417 983 500 1058 longo
515 984 612 1039 satiate
626 982 702 1052 ludo,

217 1061 314 1122 Quem
325 1061 401 1136 juvat
415 1061 528 1132 clamor,
542 1062 683 1137 galeaeque
697 1060 780 1130 leves,

217 1142 293 1197 Acer
306 1151 335 1195 et
348 1137 442 1195 Mauri
455 1140 555 1215 peditis
569 1152 717 1196 cruentum

371 1218 474 1275 Vultus
487 1219 517 1273 in
531 1218 655 1273 hostem:

219 1298 284 1355 Sive
298 1296 406 1353 mutata
417 1296 549 1370 juvenem
563 1294 662 1371 figure,

217 1376 296 1447 Ales,
311 1375 340 1431 in
354 1373 433 1429 terris
446 1373 571 1445 imitaris,
586 1373 665 1429 almae

216 1455 307 1511 Filius
320 1451 414 1523 Maiae,
427 1453 536 1528 patiens
549 1453 641 1509 vocari

372 1531 493 1588 Caesaris
507 1531 595 1588 ultor:

218 1612 303 1669 Serus
313 1611 342 1668 in
357 1610 459 1666 ouilum
473 1611 580 1681 redeas,
595 1610 697 1684 diuque

216 1691 310 1748 Laetus
324 1689 434 1746 intersis
446 1689 548 1764 populo
560 1688 691 1758 Quirini3

216 1768 246 1826 N
247 1787 297 1825 eve
310 1779 337 1826 te
351 1768 451 1825 nostris
466 1768 537 1825 vitiis
550 1768 677 1843 iniquum

371 1845 457 1904 Ooior
471 1864 538 1903 aura

216 1925 318 1983 Tollat.
360 1924 418 1981 Hie
433 1944 549 2001 magnos
561 1921 654 2000 potiris
667 1924 831 1999 triumphos,

216 2004 275 2062 Hie
287 2023 364 2061 ames
377 2002 434 2060 dici
448 2005 529 2061 Pater
543 2016 623 2079 atque
638 2004 786 2077 Princeps:

216 2083 283 2141 Neu
296 2084 371 2140 sinas
385 2078 486 2140 Medos
499 2084 622 2157 equitare
636 2082 747 2153 inultos,

370 2159 416 2218 Te
430 2161 512 2233 duee,
527 2162 629 2218 Caesar.

467 2476 550 2534 ODE
570 2475 626 2532 ΙΙΙ,

60 2618 104 2662 ΔΙ)
118 2614 221 2656 NAVEM
234 2613 295 2656 Qua
307 2611 454 2650 vmuuuus
468 2609 606 2648 ATHENAS
620 2608 826 2648 raoulclscnrts
840 2609 1025 2651 vufluBA'run.

334 2711 385 2767 διο
398 2708 503 2791 rediva
516 2719 620 2784 potens⁴
628 2709 723 2784 Cypri,

216 2792 266 2850 Sic
279 2790 377 2847 fratres
391 2788 519 2859 Helene,
533 2788 628 2844 lueida
641 2789 742 2863 sidera,

330 2869 541 2942 Ventorumque
554 2878 633 2941 regat
645 2879 732 2943 pater,

216 2948 365 3008 Obstriotis
378 2947 449 3018 aliis,
462 2957 561 3021 preter
576 2944 691 3020 iapyga,

330 3025 427 3096 Navis,
440 3044 501 3099 quae
515 3024 566 3094 tibi
579 3024 715 3080 creditum

219 3106 314 3164 Debes
326 3104 476 3180 Virgilium
500 3102 602 3159 finibus
616 3103 728 3171 Atticis,

330 3183 448 3241 Reddas
462 3181 641 3254 ineolumem,
654 3200 762 3258 preoor,

215 3263 253 3323 Et
265 3280 358 3322 serves
371 3262 471 3319 animae
485 3261 631 3317 dimidium
645 3280 723 3321 mee.

334 3340 380 3398 Illi
394 3341 477 3399 robur
490 3351 519 3396 et
532 3359 570 3396 aes
583 3340 682 3416 triplex

216 3421 301 3480 Circa
313 3431 412 3496 pectus
422 3429 490 3491 erat,
504 3419 551 3494 qui
564 3419 691 3495 fragilem
704 3420 776 3478 truoi
1001 3420 1037 3479 10

334 3497 482 3557 Commisit
494 3498 592 3574 pelago
606 3510 693 3554 ratem

215 3580 335 3650 Primus,
349 3596 403 3635 nee
416 3577 508 3635 timuit
520 3577 690 3653 precipitem
705 3576 834 3636 Africum

332 3656 531 3714 Decenantem
545 3655 741 3731 Aquilonibus,
872 3658 874 3662 “

215 3735 245 3793 N
246 3755 281 3794 eo
293 3736 384 3794 tristes
398 3735 523 3811 Hyadas,
537 3753 591 3792 neo
604 3735 711 3791 rabiem
724 3733 802 3803 Noti,
