2444 4216
465 181 662 233 camuranae
679 182 745 232 am.
755 184 812 257 rn.

299 323 460 384 Risissent:
481 325 540 384 fore
553 326 630 385 enim
643 336 736 384 tutum
750 327 803 385 iter
816 337 845 385 et
857 337 958 406 patens

454 404 599 464 Converso
612 406 642 462 in
655 407 778 482 pretium
791 408 853 465 deo.

300 483 411 543 Aurum
424 503 473 560 per
487 486 595 543 medios
610 486 651 542 ire
665 486 809 559 satellites,

300 561 337 621 Et
349 580 529 640 perrumpere
543 574 619 621 amat
632 581 708 636 saxa,
722 565 864 642 potentius

299 640 364 700 Ictu
378 642 521 700 fulmineo.
562 642 696 705 Concidit
709 646 824 719 augruis

455 721 555 796 Argivi
569 721 679 791 domus,
692 722 729 779 ob
742 722 853 782 lucrum
886 742 889 751 ·

299 797 437 857 Demersa
449 801 569 858 excidio.
611 799 721 857 Diffidit
735 801 847 859 urbium

298 877 397 936 Portas
410 878 451 936 vir
465 878 596 952 Macedo,
610 889 639 936 et
652 880 763 937 subruit
777 881 892 939 aemulos

298 955 396 1033 Reges
409 959 581 1016 muneribus.
622 955 745 1016 Munera
759 959 873 1017 navium

455 1038 550 1096 Saevos
563 1037 715 1112 illaqueant
727 1038 825 1096 duces.

298 1115 483 1173 Crescentem
496 1117 621 1191 sequitur
635 1135 704 1174 cura
716 1117 878 1193 pecuniam,

299 1193 494 1272 Majorumque
509 1195 604 1251 sames.
645 1193 662 1248 J
666 1214 715 1250 ure
729 1196 875 1270 perhorrui

296 1271 368 1331 Late
383 1273 568 1346 conspicuum
582 1272 678 1329 tollere
693 1272 835 1347 verticem,

455 1349 608 1421 Maecenas,
622 1351 747 1426 equiturn
761 1352 857 1411 decus

295 1427 416 1493 Quanta
431 1430 547 1505 quisque
560 1430 613 1487 sibi
627 1429 707 1505 plura
720 1432 874 1508 negaverit,

298 1511 327 1568 A
340 1509 385 1567 die
398 1509 477 1586 plura
491 1509 568 1566 seret
610 1508 661 1567 Nil
676 1511 851 1587 cupientium

297 1588 327 1647 N
329 1590 402 1647 udus
416 1599 508 1647 castra
521 1599 595 1664 peto,
609 1599 638 1646 et
651 1586 796 1665 transfuga
809 1590 927 1649 divitum

453 1667 551 1725 Partes
563 1668 690 1743 linquere
703 1669 809 1744 gesti0;

233 1793 235 1800 ,
296 1747 472 1822 Contempta
486 1747 616 1807 dominus
629 1748 800 1823 splendidior
813 1749 864 1822 rei,

294 1825 394 1888 Quam
408 1827 431 1883 si
444 1826 579 1901 quidquid
593 1838 652 1885 arat
665 1827 784 1904 impiger
798 1828 928 1905 Appulus

295 1903 450 1963 Occultare
464 1906 535 1964 meis
548 1907 659 1964 dicerer
673 1908 790 1978 horreia,

450 1983 572 2060 Magnas
586 1986 659 2042 inter
672 2004 740 2060 opes
754 1985 843 2061 inops.

294 2063 376 2122 Purae
391 2064 466 2121 rivus
480 2082 569 2138 aque,
584 2065 707 2139 silvaque
718 2063 850 2140 jugerum

295 2143 464 2214 Paucorum,
479 2154 507 2200 et
521 2143 625 2219 segetis
639 2154 717 2201 certa
730 2143 799 2201 fides
813 2162 894 2220 meae,

293 2221 463 2300 Fulgentem
477 2221 594 2297 imperio
608 2222 705 2280 fertilis
719 2222 824 2281 Africae

450 2301 535 2359 Fallit
549 2313 623 2360 sorte
637 2303 752 2360 beatior.

292 2381 465 2456 Quanquam
480 2401 534 2440 nec
548 2381 676 2439 Calabrae
689 2383 774 2438 mella
788 2381 881 2440 lerunt
894 2399 971 2457 apes,

293 2459 358 2518 Nec
372 2461 565 2537 Laestrygonii
578 2461 710 2517 Bacchus
723 2460 754 2516 in
768 2459 903 2533 amphori

293 2538 466 2614 Languescit
479 2540 559 2608 mihi,
573 2557 628 2594 nec
641 2538 758 2612 pinguia
771 2536 889 2596 Gallicis

450 2615 592 2672 Crescunt
605 2615 707 2671 vellera
720 2616 832 2691 pascuis
839 2636 847 2686 ;

295 2695 460 2771 Importuna
470 2707 564 2750 tamen
578 2695 724 2769 pauperies
738 2695 833 2766 abest;

294 2775 369 2846 Nec,
384 2774 408 2830 si
421 2773 501 2849 plura
515 2773 606 2845 velim,
621 2784 651 2831 tu
665 2775 732 2832 dare
746 2775 878 2852 deneges.

293 2855 447 2913 Contracto
459 2850 560 2912 nreliirs
574 2872 658 2929 parva
668 2854 801 2930 cupidine

447 2932 607 3009 Vectigalia
619 2934 769 3008 porrigam,

291 3009 391 3076 Quum
406 3012 429 3070 si
444 3010 607 3087 Mygdoniis
620 3029 739 3086 regnum
753 3010 880 3084 Alyattei

292 3092 408 3169 Campis
421 3091 593 3149 continuem.
635 3088 727 3146 Multa
739 3088 898 3164 petentibus

292 3171 404 3232 Desunt
415 3169 511 3227 multa.
553 3169 631 3226 Bene
644 3180 687 3227 est
700 3169 747 3226 cui
761 3167 840 3225 Deus
849 3167 949 3230 obtulit

449 3248 540 3307 Parcit
553 3248 627 3325 quod
641 3244 711 3307 satis
723 3259 767 3307 est
780 3265 875 3306 manu.

368 3331 389 3390 5
