2444 4216
459 205 490 263 Q„
507 202 651 254 nomn
667 203 790 255 succi

505 394 661 484 'sarum
682 423 734 482 vr.

483 551 749 612 numennumen.
776 548 779 553 “

173 665 204 724 N
206 685 255 738 ou,
268 664 342 740 quia,
356 661 509 743 Maecenas,
523 662 667 737 Lydorum
679 661 816 738 quidquid
829 662 965 725 Etrueoos

174 745 297 803 Inuoluit
310 743 390 823 fines,
404 745 488 801 ner'no
502 741 662 817 generosior
676 751 720 799 est
731 752 776 812 te;

174 823 239 880 Neo'
253 820 328 898 qudd
343 840 411 879 avus
423 821 476 878 tibi
489 818 633 889 maternus
646 821 699 878 luit
713 831 795 896 atque
808 832 944 897 paternus
983 838 985 843 ·

173 901 251 959 Olim
265 902 312 977 qui
327 901 437 976 magnis
450 899 608 976 legionibus
622 900 832 975 imperitareut3

102 1040 106 1050 ,
174 981 213 1039 Ut
225 981 349 1057 plerique
363 979 462 1051 solent,
476 999 545 1037 naso
556 979 706 1054 suspendis
719 980 832 1038 adunco
873 1010 876 1034 t

174 1059 299 1136 Ignotos,
314 1070 345 1116 ut
358 1077 403 1115 me
416 1058 546 1117 libertino
559 1070 637 1134 patre
652 1070 768 1133 natum:

173 1140 275 1207 Quum
288 1138 390 1197 referre
404 1137 589 1214 negas,.quali
603 1138 639 1194 sit
649 1138 767 1217 quisque
780 1147 897 1213 parente

173 1218 275 1290 Natus,
290 1220 357 1275 dum
371 1218 519 1294 ingenuus.
560 1216 717 1275 Persuades
730 1218 784 1274 hoo
797 1217 848 1275 tibi
862 1215 937 1292 uerti,
952 1251 954 1256 ·

175 1299 251 1355 Ante
265 1308 429 1373 potestatem
444 1295 523 1357 Tulli
537 1307 620 1371 atque
633 1294 899 1373 ignobile-regnum,

175 1377 280 1434 Multos
293 1373 368 1452 saepe
382 1377 455 1435 viros
468 1375 553 1432 nullis
566 1375 717 1452 majoribus
730 1386 806 1440 ortos
936 1421 938 1425 .
1070 1376 1108 1436 1⁰

175 1456 212 1515 Et
225 1456 325 1513 vixisse
338 1456 449 1530 probos,
463 1455 563 1529 amplis
574 1464 605 1524 ¹et
618 1455 772 1531 honoribus
785 1466 898 1513 auctos-2
926 1497 929 1500 «
950 1506 953 1515 ,

174 1533 290 1606 Contrd,
304 1534 460 1605 Laevinum,
473 1533 570 1591 Valeri
582 1553 683 1612 genus,
698 1535 774 1593 uude
788 1535 932 1610 Superbus

174 1614 346 1689 Tarquinius
360 1633 447 1689 regno
460 1613 557 1693 pulsus
571 1613 633 1684 fuit,
647 1614 732 1671 unius
745 1614 815 1675 assis

174 1693 240 1751 Non
255 1704 378 1768 unquam
391 1694 480 1768 pretio
493 1693 580 1769 plu'ris
593 1692 717 1764 licuisse,
731 1703 845 1751 notante

174 1771 192 1828 J
195 1774 287 1845 udice,
301 1771 482 1847 quemndsti,
495 1772 608 1847 populo,
621 1773 669 1847 qui
682 1773 784 1828 stultus
799 1773 920 1848 bonores
1072 1773 1109 1837 15

174 1849 257 1928 Saepe
272 1854 320 1909 dat
333 1852 457 1928 indignis
470 1862 500 1909 et
512 1851 592 1907 famae
607 1851 690 1908 servit
703 1852 816 1929 ineptus
824 1870 831 1919 ;
921 1910 924 1915 ,

173 1931 235 1993 Qui
249 1942 341 2008 stupet
355 1933 383 1989 iu
397 1931 485 1988 titulis
497 1942 526 1988 et
539 1930 716 2006 imaginibus.
757 1929 838 1993 Quid
864 1941 973 2007 oportet

175 2011 236 2069 Nos
250 2011 352 2079 facere,
367 2031 383 2069 a
396 2010 481 2087 vulgo
494 2007 578 2086 longia
592 2008 704 2085 lateque
718 2010 858 2067 remotosl

175 2090 306 2164 Namque
319 2103 389 2163 esto,
402 2090 521 2167 populus
534 2089 649 2161 Laevino
662 2089 758 2147 mallet
772 2089 907 2149 honorem

174 2167 272 2231 Quum
286 2168 376 2225 Decio
390 2170 522 2226 mandare
536 2188 624 2238 novo;
645 2188 800 2244 censorque
813 2178 936 2228 moveret
1068 2168 1111 2231 tw

174 2248 295 2324 Appius,
309 2249 432 2323 ingenuo
445 2247 469 2309 si
483 2267 540 2305 non
553 2267 644 2304 essem
658 2260 736 2324 patre
750 2260 849 2306 natus:

175 2327 229 2385 Vel
244 2324 353 2399 meritb,
366 2328 497 2403 quoniam
512 2327 542 2390 in
556 2327 666 2402 proprii
681 2348 739 2385 nou
753 2327 826 2402 pelle
839 2325 991 2403 quiessem.
1077 2360 1080 2365 =

176 2408 234 2465 Sed
248 2407 370 2482 fulgente
384 2407 468 2471 uelut
480 2407 645 2465 constrictos
658 2406 755 2463 Gloria
769 2425 853 2464 curru

176 2486 244 2544 Non
257 2485 352 2544 minirs
365 2487 474 2563 ignotos
488 2487 639 2565 generosis.
679 2484 749 2549 Quo
763 2485 824 2557 tibi,
838 2485 927 2560 Tulli,

177 2567 295 2624 Sumere
308 2568 464 2642 depositum
479 2567 599 2637 olavum,
615 2566 728 2641 fierique
742 2567 874 2624 tribunol
1069 2565 1110 2630 25

176 2645 286 2705 luvidia
300 2647 432 2718 aoorevit,
446 2647 627 2722 privatoque
641 2640 731 2704 minor
744 2656 836 2715 easetq

176 2725 264 2796 Nam,
278 2726 437 2800 utquisque
451 2726 568 2783 insanus
581 2726 669 2800 nigris
684 2726 807 2783 medium
822 2724 950 2802 impediit
963 2741 1029 2783 erus

176 2804 310 2876 Pellibus,
325 2816 353 2861 et
365 2805 453 2863 latum
467 2805 579 2864 demisit
591 2815 703 2880 pectore
718 2805 837 2876 olavum,

177 2885 266 2941 Audit
277 2882 422 2955 oontiuub,
434 2883 536 2945 “Quis
547 2885 631 2941 bomo
642 2883 725 2939 hiot”
743 2895 780 2955 et,
793 2889 810 2914 “
819 2883 889 2947 Quo
898 2894 977 2962 patre
986 2881 1109 2943 ustusl”
1164 2956 1166 2962 Α

177 2962 225 3033 Ut,
239 2964 261 3020 si
275 2965 322 3038 qui
337 2974 520 3040 aegrotetquo
533 2964 629 3021 morbo
643 2961 757 3035 Barrus,
771 2963 868 3021 haberi
932 2978 934 2983 ’
1071 2961 1112 3031 8⁰

177 3041 217 3098 Ut
229 3043 322 3118 cupiat
336 3044 482 3116 formosus,
496 3056 542 3103 eat
555 3043 732 3118 quiuunque,
745 3043 846 3117 puellis
875 3066 879 3083 ·

178 3119 292 3196 Injioiat
305 3141 400 3178 curam
415 3124 558 3197 quaerendi
572 3123 692 3198 singula,
705 3124 781 3199 quali

179 3200 223 3257 Sit
236 3200 317 3271 sanie,
332 3202 491 3276 antiquar,
506 3203 587 3275 pede,
601 3203 696 3273 dente,
710 3202 810 3278 capillo
822 3222 843 3262 ε.

179 3279 230 3336 Sio
242 3280 289 3353 qui
303 3279 445 3354 promittit,
460 3281 545 3348 cives,
560 3279 664 3337 Urbem
678 3282 731 3342 sibi
745 3300 829 3352 ourae,

179 3356 333 3434 Imperium
344 3358 411 3428 sore,
425 3368 453 3414 et
467 3357 588 3428 Italiam,
602 3369 630 3415 et
643 3359 759 3418 delubra
773 3359 907 3432 deorum;
1072 3359 1115 3419 35

159 3490 162 3496 .
178 3438 248 3500 Quo
260 3449 337 3514 patre
352 3437 387 3493 sit
401 3447 493 3508 natus,
506 3455 574 3495 num
588 3437 684 3511 ignmd
697 3450 784 3496 matre
798 3439 973 3515 inhonestam,

80 3512 83 3517 ’
181 3517 290 3574 Omnes
303 3516 433 3575 mortales
447 3535 545 3574 curare
558 3526 587 3573 et
599 3534 723 3589 quaerere
736 3517 861 3593 cogit.—

181 3596 267 3654 Tune
282 3596 355 3673 Syri,
369 3595 477 3667 Damae,
492 3607 540 3653 aut
552 3594 672 3670 Dionysi
686 3595 769 3668 lilius,
783 3599 871 3655 audes

181 3674 312 3751 Dejio'ere
325 3695 342 3733 e
355 3694 421 3733 saxo
434 3675 518 3747 cives,
530 3686 578 3732 aut
590 3676 699 3732 tradere
713 3675 822 3734 Cadmo
830 3678 882 3734 l-

183 3753 224 3810 Ar
236 3755 345 3814 Novius
359 3753 466 3831 collega
478 3755 567 3831 gradu
580 3765 644 3830 post
656 3773 701 3814 me
715 3755 794 3814 sedet
808 3775 880 3815 uno:
1033 3792 1044 3816 .
1077 3755 1118 3831 40
1161 3780 1164 3790 ·
