2444 4216
148 213 205 274 118
461 213 492 270 Q.
511 169 654 260 nondun
671 211 793 262 FLAccl

184 357 280 414 Carne
289 368 384 414 tamen
397 355 522 430 quamvis
535 354 619 411 distat
632 354 702 412 nihil
717 356 772 413 hac
785 351 877 430 magis
890 354 947 427 illa,

186 434 345 511 Imparibus
359 435 453 492 formis
466 435 616 510 deceptum
630 444 658 491 te
671 439 760 510 patet3
782 445 858 492 esto:
989 469 992 476 ·
1085 433 1124 492 30

188 514 271 572 Unde
284 515 379 570 datum
393 514 490 584 sentis,
504 514 588 588 lupus
602 513 649 569 hic
663 513 827 586 Tiberinus,
841 533 877 570 an
892 513 948 570 alto

183 593 291 669 Captus
305 594 372 663 hiet,
386 603 524 667 pontesne
539 593 612 648 inter
623 592 754 667 jactatus,
769 612 805 649 an
819 592 910 649 amnis

183 670 265 728 Ostia
278 672 330 727 sub
345 670 455 728 Tuscil
489 671 610 743 Laudas,
625 671 734 743 insane,
748 672 882 729 trilibrem

182 748 313 823 Mullum,
327 750 356 806 in
371 749 483 825 singula
495 766 579 823 quem
594 749 706 806 minuas
718 751 862 825 pulmenta
874 765 992 824 necesse
1005 757 1055 804 est.

181 826 268 901 Ducit
282 838 309 884 te
323 829 440 904 species,
454 829 542 885 video.
575 825 645 889 Qut
660 830 780 904 pertinet
793 849 860 905 ergo
889 855 890 858 ¹
1087 828 1123 884 35

181 904 316 964 Proceros
329 908 421 965 odisse
434 908 535 982 luposl
566 907 645 968 Quia
659 908 766 966 scilieet
780 908 835 965 illis
861 921 863 925 ’

182 983 319 1061 Majorem
334 997 433 1043 natura
447 987 560 1045 modum
575 988 661 1059 dedit,
673 988 717 1045 his
731 988 813 1044 breve
827 987 945 1063 pondus.

182 1069 200 1094 “
210 1064 372 1122 Porrectum
387 1084 489 1140 magno
502 1085 634 1142 magnum
649 1078 774 1141 spectare
788 1067 882 1124 catino

182 1143 321 1216 Vellem,''
338 1145 375 1200 ait
389 1144 522 1220 Harpyiis
536 1146 603 1220 gula
615 1145 702 1221 digna
715 1146 870 1221 rapacibus.
905 1145 945 1201 At
958 1162 1016 1215 vos,
1071 1199 1073 1202 Α

183 1220 340 1281 Praesentes
356 1224 463 1294 Austri,
478 1225 588 1298 coquite
603 1225 701 1281 horum
715 1225 846 1282 obsonia:
866 1223 992 1299 quamvis
1084 1221 1124 1279 40

185 1300 268 1359 Putet
282 1322 348 1376 aper
361 1304 549 1378 rhombusque
563 1321 671 1375 recens,
686 1304 759 1360 mala
772 1304 854 1379 copia
865 1302 977 1379 quando

184 1381 303 1456 AEgrum
317 1382 447 1439 sollicitat
461 1383 649 1452 stomachum;
670 1402 756 1457 quum
770 1383 867 1458 rapula
879 1381 979 1456 plenus

183 1459 278 1534 Atque
293 1461 387 1517 acidas
401 1461 505 1517 mavult
519 1461 617 1519 inulas.
652 1460 785 1518 Necdum
799 1462 891 1520 omnis
904 1461 1003 1517 abacta

183 1537 335 1614 Pauperies
348 1540 438 1616 epulis
452 1559 566 1616 regum:
588 1559 653 1597 nam
668 1541 769 1610 vilibus
782 1542 841 1598 ovis

182 1615 212 1672 N
215 1618 335 1693 igrisque
350 1630 393 1675 est
405 1619 474 1675 oleis
488 1619 671 1676 hodielocus.
707 1619 793 1676 Haud
807 1620 846 1677 ita
858 1618 965 1695 pridem
1083 1608 1122 1674 45

181 1695 295 1754 Galloni
309 1698 445 1774 preconis
457 1708 517 1755 erat
530 1699 693 1774 acipensere
707 1718 805 1756 mensa

183 1773 308 1834 Insamis.
341 1777 442 1838 Quidt
462 1787 520 1834 tum
535 1778 666 1834 rhombos
679 1776 773 1835 minirs
787 1796 880 1854 aequor
893 1776 1003 1834 alebutl
1077 1802 1089 1825 a

183 1853 278 1912 Tutus
291 1867 351 1914 erat
363 1856 507 1928 rhombus,
521 1867 636 1933 tutoque
650 1857 761 1914 ciconia
774 1857 850 1930 nido,
949 1861 952 1875 '

183 1932 282 1992 Donec
296 1955 344 1993 vos
358 1945 455 1993 auctor
470 1936 566 1993 docuit
579 1936 731 2011 pretorius.
766 1934 852 2011 Ergo,
893 1962 896 1967 ·

184 2013 290 2087 Siquis
304 2022 380 2071 n'unc
395 2033 505 2089 mergos
519 2034 618 2070 suaves
631 2015 750 2070 edixerit
763 2034 849 2085 assos,

183 2090 296 2149 Parebit
308 2093 385 2167 pravi
399 2092 498 2149 docilis
512 2092 644 2150 Romana
655 2093 794 2168 juventus.

228 2172 364 2228 Sordidus
377 2173 482 2232 atenui
497 2171 573 2228 victu
586 2172 709 2243 distabit,
723 2171 818 2229 Ofello

183 2253 303 2311 Judice:
324 2268 391 2305 nam
404 2247 505 2306 frustra
520 2250 617 2307 vitium
630 2251 759 2307 vitaveris
773 2250 852 2321 illud,

183 2333 215 2390 Si
230 2346 257 2389 te
271 2327 326 2386 alid
340 2346 454 2404 pravum
469 2327 624 2384 detorseris,
660 2329 827 2399 Avidienus,

182 2413 238 2468 Cui
253 2408 340 2466 Canis
353 2427 388 2464 ex
401 2426 466 2465 vero
480 2409 596 2464 ductum
610 2426 768 2483 cognomen
782 2408 914 2479 adhaeret,
1031 2476 1034 2480 Δ
1056 2457 1060 2461 ⁴
1081 2407 1121 2465 55

181 2491 389 2563 Quinquennes
402 2487 478 2543 oleas
491 2497 533 2544 est
546 2498 574 2544 et
587 2485 723 2544 silvestria
736 2505 837 2555 corna;

182 2571 238 2641 Ac,
253 2568 307 2626 nisi
321 2576 468 2637 mutatum,
482 2566 572 2642 parcit
585 2565 739 2623 deiimdere
753 2566 865 2636 vinum;
885 2575 914 2624 et

181 2649 272 2725 Cujus
284 2647 399 2703 odorem
412 2646 467 2702 olei
480 2664 603 2720 nequeas
613 2645 745 2721 perferre,
760 2645 856 2703 licebit

182 2726 236 2785 Ille
251 2725 366 2800 repotia,
380 2723 495 2802 natales,
511 2724 614 2781 aliosve
628 2725 737 2780 dierum

182 2806 281 2863 Festos
294 2803 403 2860 albatus
417 2803 548 2873 celebret,
563 2822 650 2860 cornu
665 2805 723 2877 ipse
738 2803 830 2859 bilibri

182 2885 319 2941 Caulibus
333 2881 457 2953 instillat,
473 2883 572 2938 veteris
586 2900 643 2938 non
656 2901 758 2956 parcus
771 2881 852 2938 aceti.

219 2962 307 3025 Quali
321 2961 405 3037 igitur
419 2961 494 3018 victu
508 2961 618 3036 sapiens
632 2962 744 3017 utetur‘l
764 2972 792 3017 et
806 2961 906 3016 horum

183 3040 284 3096 Utrum
298 3040 470 3097 imitabiturl
504 3039 570 3097 Hac
585 3051 665 3116 urget
677 3039 769 3114 lupus,
784 3038 940 3110 tuscanis,
955 3036 1040 3095 aiunt.

185 3117 313 3174 Mundus
326 3119 388 3188 erit,
403 3120 451 3191 qui
465 3138 521 3175 non
535 3119 659 3176 offendat
673 3118 810 3190 sordibus,
825 3129 907 3191 atque

182 3196 218 3253 In
232 3206 359 3253 neutram
373 3208 480 3271 partem
492 3197 583 3254 cultris
598 3199 689 3255 miser.
722 3196 779 3254 Hic
793 3215 885 3271 neque
899 3195 994 3266 servis,
1083 3193 1122 3252 65

182 3274 282 3332 Albuti
296 3275 371 3330 senis
385 3274 522 3347 exemplo,
536 3274 603 3330 dum
618 3277 715 3333 munia
729 3276 808 3347 didit,

184 3355 280 3411 Saevus
294 3353 361 3421 erit;
384 3370 484 3425 neque,
499 3352 572 3408 sicut
585 3354 703 3428 simplex
716 3354 746 3411 N
748 3355 842 3425 aevius,
856 3363 972 3410 unctum

181 3433 314 3491 Convivis
327 3430 461 3506 praebebit
474 3449 590 3506 aquam:
612 3434 709 3490 vitium
723 3435 776 3491 hoc
790 3452 899 3508 quoque
913 3450 1056 3508 magnum.

222 3511 330 3585 Accipe
344 3529 421 3566 nunc
435 3511 525 3568 victus
536 3510 628 3566 tenuis
641 3531 703 3585 quae
716 3522 875 3587 quantaque
889 3530 986 3570 secum

183 3590 299 3647 Afferat.
334 3589 475 3664 Imprimis
488 3591 579 3647 valeas
594 3590 681 3646 bene:
703 3610 779 3661 nam,
793 3593 934 3649 variaeres
1084 3587 1123 3645 70

183 3668 221 3725 Ut
236 3678 358 3726 noceant
371 3668 487 3739 homini,
503 3671 610 3740 credas,
625 3688 731 3726 memor
745 3671 819 3728 illius
832 3689 906 3728 escae

182 3745 258 3807 Quae
272 3748 390 3823 simplex
402 3747 469 3805 olim
482 3748 533 3804 tibi
546 3748 657 3806 sederit.
687 3750 733 3806 At
747 3749 829 3808 simul
844 3751 913 3808 assis
