2444 4216
152 193 221 254 lde
477 195 507 250 Q.
525 194 667 241 nonum
684 193 806 243 rmum

200 335 320 407 Coelum,
334 355 390 394 non
404 336 537 406 animum,
552 347 669 407 mutant,
683 337 730 411 qui
744 347 820 393 trans
834 354 910 394 mare
923 349 1047 397 currunt.

201 415 320 472 Strenua
334 435 384 472 nos
395 426 506 472 exercet
519 415 637 473 inertia:
657 416 774 472 navibus
784 426 866 490 atque
1040 467 1042 469 ,

199 492 352 568 Quadrigis
364 492 483 568 petimus
498 494 569 550 bene
583 494 681 550 vivere.
721 493 806 554 Quod
821 494 902 569 petis,
916 493 964 553 bic
977 505 1029 568 est,

200 569 252 628 Est
266 570 386 644 Ulubris,
400 571 510 628 unimus
522 573 546 630 si
560 583 588 628 te
599 592 656 629 non
669 572 764 629 delicit
777 591 879 647 aequus.
1088 575 1127 633 30

500 882 699 942 EPISTOLA
713 884 782 942 XII.

554 1021 593 1059 An
612 1021 724 1060 lcclnm.

196 1121 366 1180 Fnucmnus
381 1122 512 1199 Agrippae
524 1122 637 1192 Siculis,
651 1141 720 1196 quos
733 1123 850 1198 colligis,
865 1124 935 1196 Ioci,

196 1202 228 1258 Si
242 1199 437 1272 rectilineus,
451 1220 507 1258 non
522 1212 564 1257 est
578 1213 608 1257 ut
621 1202 701 1274 copia
714 1201 800 1275 major

195 1280 243 1337 Ab
256 1280 324 1338 Jove
338 1281 436 1337 donari
449 1279 536 1354 possit
549 1278 615 1335 tibi:
636 1278 700 1335 tolle
714 1279 855 1353 querelas3

194 1358 303 1435 Pauper
317 1359 391 1415 enim
406 1370 526 1428 nonest,
541 1357 587 1414 cui
601 1376 693 1414 rerum
707 1359 828 1433 suppetit
842 1378 917 1416 usus.

194 1438 226 1494 Si
240 1438 328 1495 ventri
340 1438 420 1508 bene,
435 1437 457 1493 si
471 1435 549 1492 lateri
563 1448 605 1491 est
617 1435 790 1510 pedibusque
803 1437 867 1509 tuis,
881 1438 921 1495 nil
1101 1444 1122 1500 ὅ

194 1514 304 1572 Divitiae
317 1527 446 1590 poterunt
459 1515 566 1590 regales
579 1515 681 1570 addere
695 1514 791 1589 majus.

194 1595 225 1652 Si
239 1591 307 1651 forte
320 1595 348 1650 in
362 1595 454 1651 medio
467 1594 617 1668 positorum
632 1594 782 1649 abstemius
796 1594 889 1652 herbis
901 1616 902 1620 ¹

192 1673 270 1730 Vivis
282 1683 310 1728 et
324 1673 421 1740 urticis,
436 1674 476 1729 sic
487 1673 562 1728 vives
574 1673 709 1746 protinus,
723 1683 753 1728 ut
765 1683 793 1729 te

192 1750 346 1808 Confestim
357 1750 477 1825 liquidus
491 1750 622 1807 Fortunae
636 1752 710 1806 rivus
724 1751 849 1808 inauret:

192 1830 244 1887 Vel
258 1831 324 1905 quia
336 1840 462 1893 naturum
477 1840 584 1886 mutare
596 1829 718 1903 pecunia
731 1830 821 1886 nescit
832 1850 839 1900 ;

192 1909 244 1966 Vel
259 1909 323 1984 quia
335 1920 440 1967 cuncta
452 1919 532 1985 putas
545 1909 602 1964 und
616 1909 716 1976 virtute¹
728 1907 843 1965 minora.

191 1987 327 2045 Miramur
340 1989 363 2044 si
376 1987 529 2059 Democriti
543 2006 630 2063 pecus
643 1987 702 2043 edit
715 1986 817 2062 agellos

191 2067 337 2140 Cultaque,
352 2067 417 2122 dum
432 2063 548 2142 peregre
562 2076 604 2123 est
617 2066 726 2122 animus
739 2066 799 2122 sine
812 2084 926 2139 corpore
937 2067 1039 2138 velox}

190 2144 287 2205 Quum
302 2155 341 2215 tu,
356 2145 428 2200 inter
442 2145 565 2201 scabiem
575 2156 680 2202 tantam
694 2157 722 2201 et
736 2144 864 2220 contagia
873 2143 953 2219 lucri,

189 2222 238 2279 Nil
252 2241 365 2298 parvum
379 2224 479 2297 sapias,
492 2234 521 2279 et
531 2219 627 2279 bdhuc
637 2224 767 2281 sublimia
781 2242 871 2294 cures,
1080 2229 1114 2285 15

189 2302 263 2363 Quae
277 2320 352 2358 mare
365 2312 544 2377 compescant
557 2320 659 2372 causae,
670 2303 736 2375 quid
750 2313 885 2376 temperet
898 2321 1021 2376 annum;

190 2381 284 2438 Stellae
298 2391 395 2455 sponte
409 2381 460 2437 suia
471 2381 593 2455 jussaene
608 2392 741 2455 vagentur
755 2392 782 2437 et
795 2393 888 2437 errent
896 2401 903 2450 ;

188 2460 267 2521 Quid
281 2471 388 2534 premat
397 2460 545 2517 obscurum
559 2460 643 2531 lunae‚
658 2460 723 2533 quid
737 2459 865 2534 proferat,
879 2461 976 2518 orbem
984 2482 991 2531 ;

188 2539 266 2600 Quid
281 2539 344 2595 velit
359 2551 386 2596 et
399 2539 484 2614 possit
495 2557 586 2595 rerum
600 2539 750 2595 concordia
763 2539 884 2609 discors3

188 2617 381 2693 Empedocles,
396 2638 431 2674 an
446 2618 610 2675 Stertinium
624 2618 722 2674 deliret
735 2620 872 2674 acumenl
1076 2620 1115 2678 20

225 2694 341 2766 Verum,
356 2716 405 2752 seu
418 2697 519 2771 pisces,
533 2715 707 2772 seuporrum
721 2708 750 2753 et
762 2715 839 2771 caepe
852 2696 985 2769 trucidas,

190 2774 271 2832 Utere
283 2774 417 2850 Pompeio
429 2776 575 2849 Grospho;
596 2786 633 2843 et,
648 2776 671 2831 si
685 2776 750 2850 quid
765 2787 849 2849 petet,
860 2775 931 2832 ultro

187 2853 287 2910 Defer:
308 2854 347 2910 nil
361 2854 504 2929 Grosphus
517 2854 570 2909 nisi
585 2873 678 2909 vorum
692 2854 780 2917 orabit
793 2865 822 2910 et
835 2873 956 2929 aequum1

189 2932 257 2988 Vilis
271 2933 423 2990 amicorum
436 2944 479 2990 est
492 2950 611 3002 annona,
626 2932 706 2988 bonis
720 2932 766 2988 ubi
780 2933 844 3007 quid
860 2934 945 2990 deest.
1008 2991 1011 2998 ,

224 3009 270 3067 Ne
281 3021 374 3068 tamen
390 3013 501 3088 ignores
514 3029 569 3086 quo
582 3010 617 3068 sit
630 3010 760 3068 Romana
773 3010 834 3068 loco
848 3031 910 3068 res:
1072 3012 1112 3070 25

186 3087 325 3145 Cantaber
339 3090 481 3166 Agrippae‚
493 3090 595 3148 Claudi
609 3091 708 3148 virtute
721 3090 842 3147 Neronis

188 3166 337 3223 Armenius
352 3169 468 3225 cecidit:
486 3170 532 3243 jus
547 3169 746 3244 imperiumque
760 3169 892 3226 Phraates

185 3244 303 3301 Caesaris
317 3247 424 3320 accepit
438 3246 556 3320 genibus
570 3248 678 3304 minor:
699 3267 783 3304 aurea
796 3248 888 3325 fruges

130 3337 133 3344 ·
185 3322 274 3381 Italiae
287 3323 370 3399 pleno
383 3323 494 3396 diffudit
507 3323 596 3399 Copia
609 3345 704 3384 cornu.
