2444 4216
444 182 474 238 Q.
491 177 635 228 HORATII
652 176 774 226 sulem

542 400 626 458 ODE
639 399 678 459 X.

412 595 415 600 Ι
509 538 548 576 AD
562 537 712 576 nomam.

279 638 433 698 Hsuouuss
446 638 511 710 ritu,
529 633 614 695 modo
628 637 731 709 dictus,
743 655 761 694 o
774 636 863 714 plebs,

279 717 372 776 Morte
386 717 513 776 venalem
526 717 639 794 petiisse
652 716 772 789 laurum,

278 795 375 854 Cesar
388 795 517 873 Hispani
530 796 631 872 repetit
644 795 765 852 Penates

511 875 610 932 Victor
623 875 659 930 ab
671 874 729 932 ora.

278 953 371 1012 Unico
384 955 510 1032 gaudens
523 953 622 1010 mulier
636 954 735 1011 marito

278 1033 408 1106 Prodest,
419 1032 501 1110 justis
513 1043 627 1108 operata
640 1032 726 1102 divis;

279 1112 317 1170 Et
329 1131 406 1171 soror
419 1112 489 1170 clari
502 1112 601 1168 ducis:
621 1120 650 1168 et
663 1111 772 1169 deoorae

513 1189 647 1265 Supplice
660 1190 729 1247 vitta

280 1269 431 1346 virginum
444 1280 546 1328 matres
556 1269 747 1345 juvenumque
760 1287 849 1344 nuper
898 1280 901 1285 '

281 1349 432 1425 Sospitam.
473 1349 542 1419 VoS,
555 1366 574 1404 o
587 1348 676 1423 pueri,
690 1358 719 1406 et
732 1347 832 1424 puellae

281 1426 345 1485 Jarn
359 1427 449 1484 virum
462 1437 592 1501 experte,
607 1424 682 1482 male
696 1427 827 1484 ominatis

311 1510 315 1518 '
457 1534 459 1539 ·
512 1503 625 1562 Parcite
638 1505 737 1561 verbis.

281 1583 340 1642 Hic
352 1584 413 1641 dies
426 1580 492 1641 vere
506 1584 575 1640 mihi
590 1583 675 1641 festus
689 1595 762 1641 atras

280 1663 393 1720 Eximet
406 1682 504 1720 ouras:
525 1682 579 1739 ego
593 1681 647 1720 nec
660 1663 820 1733 tumultum,

280 1740 345 1800 Nec
357 1743 429 1800 mori
442 1761 492 1817 per
505 1742 560 1798 vim
574 1753 708 1815 metuam,
722 1753 835 1800 tenente

425 1851 428 1855 ·
513 1820 627 1877 Caesare
640 1832 735 1878 terras.

283 1899 309 1971 I,
323 1909 387 1978 pete
400 1911 587 2036 unpppeutum,
601 1904 680 1976 puer,
694 1909 722 1956 et
735 1918 864 1972 coronas,

280 1978 319 2038 Et
332 1979 433 2036 cadum
482 1980 536 2038 arsi
549 1997 701 2037 memorem
715 1978 810 2050 duelli,

282 2059 449 2135 Spartacum
462 2059 487 2117 si
499 2059 555 2134 qula
568 2060 656 2135 potuit
669 2069 818 2134 vagantem

514 2137 625 2195 Fallere
638 2149 717 2195 testa.

281 2214 337 2274 Dic
351 2226 380 2273 et
393 2226 498 2291 argutae
510 2229 639 2292 properet
653 2216 763 2274 Neaerae

281 2293 460 2369 Myrrhinam
474 2295 548 2352 nodo
562 2296 693 2353 cohibere
707 2295 831 2353 crinem:

282 2373 315 2431 Si
327 2393 377 2450 per
390 2373 510 2431 invisum
523 2393 601 2432 mora
611 2374 760 2449 janitorem

515 2452 588 2525 Fiet,
603 2453 685 2512 abito.

243 2587 244 2591 ,
282 2531 366 2591 Leuit
379 2531 527 2590 albescens
540 2533 649 2590 animos
664 2531 781 2608 capillus

283 2609 388 2668 Litium
402 2621 430 2669 et
444 2611 511 2669 rixae
525 2612 642 2688 cupidos
654 2624 804 2688 proterva:

282 2688 350 2746 Non
363 2708 417 2764 ego
430 2691 484 2747 hoc
498 2692 608 2763 ferrem,
624 2692 732 2748 calidus
742 2688 868 2766 juventi,

517 2770 641 2825 Consule
655 2769 769 2827 Planco.

463 3110 469 3125 ,
535 3079 618 3139 ODE
631 3079 685 3138 XI.

486 3218 526 3256 AD
546 3218 750 3258 mmcuNATuM.

286 3318 439 3376 Iucuusmu
453 3316 575 3373 Danaen
588 3319 671 3374 turris
682 3314 802 3392 ahenea,

285 3397 476 3471 Robustaeque
490 3396 572 3467 fores,
586 3406 614 3452 et
628 3397 742 3472 vigilum
756 3415 859 3455 canum

286 3477 394 3534 Tristes
407 3475 542 3545 excubiae,
556 3475 716 3534 munierant
729 3473 797 3533 satis

440 3553 594 3612 Nocturnis
608 3554 643 3609 ab
656 3555 805 3625 adulteris3

286 3635 318 3695 si
331 3653 388 3692 uon
401 3634 553 3703 Acrisium,
567 3631 681 3708 virginis
695 3635 796 3691 abdite

285 3713 440 3774 Custodem
453 3712 593 3789 pavidum,
607 3710 716 3787 Jupiter
729 3722 758 3772 et
770 3713 870 3772 Venus
