2444 4216
408 217 611 267 SATIRARUM
628 219 694 268 utu.
711 221 733 269 1.
749 223 773 269 8.

135 361 262 422 Evandri
275 360 405 419 manibus
417 362 514 422 tritum
527 362 646 438 dejecit3
666 363 703 420 ob
716 363 791 422 banc
804 381 874 438 rem,

137 444 199 500 Aut
212 441 335 518 positum
348 437 415 498 aute
429 442 494 498 mei
507 441 573 516 quia
587 442 694 518 pullum
708 442 737 501 in
751 454 829 518 parte
843 443 932 502 catini

136 520 259 579 Sustulit
272 520 405 592 esuriens,
419 518 514 577 mimis
527 521 581 577 hoc
592 521 738 596 jucundus
751 521 860 580 amicus
890 564 893 571 -

136 601 183 658 Sit
196 600 274 657 mihi.
307 599 387 661 Quid
401 599 513 669 faciam,
524 599 548 656 si
563 600 667 656 furtum
681 600 787 673 fecerit,
802 612 851 660 aut
865 602 890 660 si

136 679 296 737 Prodiderit
308 678 459 736 commissa
472 677 538 749 fide,
553 696 720 753 sponsumve
733 680 864 756 negiritl
1034 682 1073 740 96

135 758 230 821 Queis
239 757 317 834 paria
329 777 391 815 esse
405 754 464 814 ferd
478 757 584 833 placuit
596 768 723 833 peccata,
736 758 864 819 laborant

48 907 55 923 Ι
134 837 237 900 Quum
250 847 363 895 ventum
377 836 522 893 adrerum
536 846 598 894 est:
619 855 719 894 sensus
732 855 878 913 moresque
890 850 1058 916 repugnant,

50 924 59 981 ζ
136 918 232 992 Atque
246 917 306 992 ipsa
318 916 433 987 utilitas,
444 915 512 991 justi
524 911 612 992 prope
626 927 715 973 mater
728 926 758 974 et
770 919 849 992 aqui.
890 953 894 959 ,

174 997 274 1059 Quum
287 1006 485 1071 prorepserunt
497 995 595 1069 primis
608 995 741 1052 animalia
754 995 844 1068 terris,

136 1074 250 1133 Mutum
260 1086 288 1132 et
298 1086 378 1150 turpe
389 1093 486 1150 pecus,
500 1075 631 1150 glandem
643 1086 725 1150 atque
739 1075 844 1135 cubilia
852 1087 973 1173 propter,
1016 1078 1071 1136 100

135 1154 286 1232 Unguibus
299 1165 327 1212 et
339 1154 452 1229 pugnis,
466 1153 532 1210 dein
547 1153 677 1224 fustibus,
691 1165 774 1228 atque
787 1154 826 1211 ita
838 1174 922 1231 porro

135 1234 305 1311 Pugnabant
319 1236 411 1303 armis,
422 1251 483 1306 quae
497 1229 758 1306 pbstfabricaverat
771 1251 855 1302 usus3

135 1313 236 1372 Donec
249 1314 342 1383 verba,
357 1311 457 1385 quibus
471 1329 553 1366 voces
566 1322 720 1385 sensusque
733 1322 871 1384 notarent,

135 1392 315 1467 Nominaque
328 1387 479 1448 invenire:
500 1390 604 1446 dehinc
618 1389 752 1447 absistere
766 1390 848 1463 bello,

30 1484 34 1494 ’
133 1471 248 1548 Oppida
262 1479 407 1545 coeperunt
421 1468 540 1540 munire,
553 1480 582 1526 et
595 1488 699 1545 ponere
712 1470 798 1546 leges,
915 1487 916 1491 ¹
1015 1471 1071 1529 105

134 1551 181 1610 Ne
195 1551 258 1627 quis
271 1550 315 1606 fiir
328 1560 411 1620 esset,
425 1567 480 1605 neu
493 1547 573 1620 latro,
587 1567 643 1605 neu
656 1550 718 1624 quis
732 1549 847 1607 adulter.

135 1631 211 1689 Nam
226 1629 279 1687 fuit
291 1640 356 1687 ante
371 1627 511 1684 Helenam
526 1628 627 1685 mulier
641 1628 783 1686 teterrima
797 1628 861 1686 belli

134 1710 245 1768 Causa:
267 1709 317 1766 sed
331 1707 434 1783 ignotis
447 1707 589 1783 perierunt
603 1708 739 1765 mortibus
752 1708 803 1780 illi,

132 1789 216 1852 Quos
229 1789 371 1845 Venerem
385 1786 521 1843 incertam
535 1787 684 1861 rapientes,
698 1807 775 1848 more
789 1787 920 1861 ferarum,

134 1868 248 1926 Viribus
263 1867 363 1924 editior
376 1866 511 1938 credebat,
526 1878 556 1923 ut
569 1867 600 1922 in
612 1885 698 1942 grege
712 1878 816 1924 taurus.
1015 1868 1070 1925 110

132 1947 204 2005 Jura
218 1947 331 2004 inventa
345 1957 421 2002 metu
434 1946 530 2021 injusti
545 1945 647 2003 fateare
662 1965 778 2002 necesse
791 1955 843 2016 est,

133 2027 276 2102 Tempora
289 2026 313 2082 si
327 2025 465 2100 fastosque
479 2025 547 2082 velis
559 2025 686 2081 evolvere
700 2024 806 2081 mundi.

132 2105 198 2164 Nec
212 2117 312 2163 natura
325 2116 415 2180 potest
427 2104 503 2179 justo
516 2122 664 2160 secernere
679 2104 816 2179 iniquum,

132 2185 240 2243 Dividit
253 2195 284 2241 ut
295 2185 370 2241 bona
383 2183 508 2255 diversis,
524 2183 658 2258 fugienda
671 2184 808 2259 petendis.

131 2264 161 2322 N
164 2285 198 2322 ec
211 2266 304 2321 vincet
316 2264 387 2337 ratio
401 2264 465 2334 boc,
479 2263 645 2323 tantundem
659 2275 690 2320 ut
703 2274 803 2339 peccet
816 2264 947 2339 idemque
1015 2263 1070 2320 115

130 2344 193 2407 Qui
207 2356 317 2401 teneros
330 2342 426 2399 caules
439 2341 523 2400 alieni
538 2343 650 2416 fregerit
665 2343 748 2412 horti,

131 2423 170 2482 Et
181 2425 229 2500 qui
240 2434 394 2480 nocturnus
407 2421 502 2478 divdm
516 2439 597 2477 sacra
610 2421 718 2495 legerit.
753 2421 838 2477 Adsit

128 2502 244 2579 Regula
256 2501 380 2576 peccatis
393 2518 455 2574 que
468 2519 566 2575 poenas
579 2500 682 2573 irroget
696 2517 798 2571 aequas,

130 2582 177 2640 Ne
192 2581 301 2637 scutica
315 2579 433 2654 dignum
447 2577 572 2635 horribili
585 2587 693 2633 sectere
708 2575 826 2652 flagello.

130 2661 217 2732 Nam,
232 2670 263 2714 ut
274 2657 362 2714 ferula
376 2657 468 2712 cadas
482 2655 611 2710 meritum
626 2654 730 2730 majora
743 2656 837 2718 subire
1016 2657 1071 2716 120

130 2740 268 2809 Verbera,
282 2755 339 2793 non
354 2753 465 2803 vereor;
486 2751 571 2808 quum
586 2734 664 2790 dicas
677 2753 740 2792 esse
750 2752 833 2810 pares
845 2754 890 2794 res
915 2786 918 2793 .

130 2818 219 2876 Furta
232 2814 395 2886 latrociniis,
409 2824 438 2870 et
451 2814 561 2888 magnis
574 2832 657 2888 parva
671 2814 785 2872 mineris

129 2898 217 2956 Falce
232 2897 386 2953 recisurum
399 2893 482 2952 simili
497 2904 535 2964 te,
550 2893 573 2948 si
587 2893 637 2949 tibi
652 2911 771 2968 regnum

129 2977 296 3036 Permittant
310 2975 444 3031 homiues.
479 2972 510 3028 Si
524 2973 611 3042 dives,
625 2972 672 3046 qui
687 2972 799 3046 sapiens
811 2983 864 3044 est,

130 3056 168 3114 Et
181 3068 258 3113 sutor
272 3056 362 3111 bonus
375 3063 404 3110 et
416 3051 491 3109 solus
505 3051 641 3107 formosus
654 3060 682 3106 et
695 3061 738 3106 est
751 3069 815 3121 rex;
1013 3054 1068 3112 125

129 3136 191 3193 Cur
204 3147 282 3211 optas
295 3133 369 3208 quod
385 3132 471 3188 habes
481 3128 597 3186 l-Non
613 3126 687 3185 ndsti
700 3129 767 3204 quid
780 3141 870 3206 pater,
883 3130 981 3207 inquit,

130 3215 303 3289 Chrysippus
317 3213 411 3270 dicat:
432 3209 543 3285 sapiens
557 3207 685 3283 crepidas
698 3208 751 3265 sibi
767 3228 912 3286 nunquam

128 3293 195 3352 Nec
208 3294 296 3350 soleas
310 3293 392 3361 fecit3
413 3302 490 3347 sutor
504 3299 598 3345 tamen
611 3299 654 3345 est
667 3287 896 3364 sapiens—Qud
906 3291 958 3348 f-

129 3373 177 3445 Ut,
191 3372 316 3448 quamvis
329 3381 404 3428 tacet
417 3370 621 3443 Hermogenes,
635 3379 733 3426 cantor
746 3379 841 3428 tamen
855 3371 938 3445 atque

128 3452 262 3528 Optimus
275 3461 317 3507 est
330 3450 501 3523 modulator;
523 3460 553 3505 ut
566 3447 687 3504 Alfenus
701 3447 785 3519 vafer,
799 3449 878 3506 omni
1011 3445 1067 3504 130

130 3532 250 3607 Abjecto
264 3531 447 3586 instrumento
461 3527 536 3598 artis,
551 3527 701 3601 clausique
715 3525 840 3598 taberna,

130 3612 214 3668 Sutor
228 3619 288 3666 erat
299 3629 306 3677 ;
327 3608 437 3683 sapiens
449 3608 541 3683 operis
555 3607 596 3663 sic
609 3606 730 3681 optimus
742 3606 834 3664 omnis

128 3689 182 3747 Est
193 3689 287 3765 opifex
302 3687 386 3757 solus,
400 3687 441 3743 sic
454 3685 669 3743 rea-Vallum
682 3681 733 3738 tibi
747 3683 862 3740 barbam

129 3768 242 3827 Lascivi
255 3764 353 3844 pueri;
367 3783 443 3900 quos
454 3775 487 3822 tu
500 3764 554 3822 nisi
566 3763 639 3820 fuste
653 3779 777 3834 coerces,
