2468 4208
464 214 496 270 Q.
513 212 656 262 HORATII
672 213 795 263 mccl

545 426 717 462 vendemus.

186 516 287 578 ouidi
307 526 391 590 eaput
403 515 556 572 abscissum
571 516 688 573 demens
700 534 784 589 quum
798 526 888 592 portet
900 518 999 594 Agave

186 596 273 654 Gnati
287 594 414 665 infelicis,
428 594 481 651 sibi
491 607 551 651 tum
566 594 668 651 furiosa
678 595 805 652 videtur?

559 745 700 778 norimus.

187 831 308 889 Stultum
322 849 368 888 me
381 831 476 902 fateor,
490 830 573 888 liceat
586 832 741 889 concedere
754 832 836 904 veris,
1056 832 1116 892 ³⁰4

187 911 281 985 Atque
294 910 378 966 etiam
393 913 537 978 insenum
559 908 667 967 tantirm
681 911 735 968 hoe
747 912 879 984 edissere,
891 930 946 987 quo
960 929 1005 970 me

187 989 334 1065 AEgrotare
346 1000 427 1064 putes
440 989 525 1048 animi
538 989 621 1046 vitis·

544 1140 714 1173 mniri’us.

223 1287 226 1292 ¹
545 1273 548 1282 .
649 1227 775 1302 Accipe:
795 1225 915 1303 primdm

187 1307 333 1379 AEdifieas‚
347 1308 400 1364 hoe
413 1319 464 1378 est,
478 1308 574 1381 longos
588 1305 712 1376 imitaris,
727 1307 762 1363 ab
775 1306 832 1364 imo

186 1387 233 1443 Ad
248 1405 386 1443 summum
400 1397 473 1443 retus
487 1385 591 1441 moduli
606 1385 740 1460 bipedalis
748 1405 755 1454 ;
776 1398 805 1443 et
817 1387 893 1443 idern

186 1465 309 1540 Corpore
322 1464 455 1539 majorem
469 1464 543 1520 rides
557 1463 700 1520 Turbonis
714 1465 741 1520 in
755 1465 840 1521 ermis

186 1544 320 1618 Spiritum
334 1555 362 1600 et
376 1544 534 1600 ineessirrn:
554 1541 601 1616 qui
616 1543 749 1600 ridiculus
762 1541 856 1604 mimis
870 1543 936 1600 inor
1055 1542 1114 1601 81⁰

187 1622 244 1693 An,
258 1622 443 1696 quodeunque
458 1622 522 1678 iacit
536 1620 688 1692 Maecenas,
702 1634 730 1678 te
743 1641 850 1696 quoque
863 1641 959 1680 verum
971 1631 1024 1694 est,

185 1698 281 1757 Tantd
295 1701 455 1757 dissimilem
470 1712 498 1757 et
511 1698 588 1757 tantd
603 1713 709 1758 certare
723 1702 877 1759 minorem?

187 1780 321 1836 Absentis
335 1798 410 1835 renae
420 1779 502 1854 pullis
516 1779 591 1835 vituli
605 1781 676 1853 pede
686 1781 796 1854 pressis

186 1857 267 1914 Unus
281 1859 327 1914 ubi
340 1859 446 1933 effugit,
461 1859 541 1925 matri
554 1858 683 1915 denarrat
697 1870 727 1914 ut
741 1859 840 1934 ingens
859 1874 861 1878 ·

91 1975 93 1980 ·
186 1936 283 1993 Bellua
296 1949 429 2013 cognatos
442 1938 552 1994 eliserit.
593 1936 646 1993 Illa
659 1956 766 2011 rogare,
1055 1937 1114 1995 315

186 2020 204 2044 “
214 2015 385 2075 Quanraner
399 2036 465 2073 num
476 2017 617 2086 tandem,''
630 2036 659 2073 se
671 2015 779 2086 inflans,
791 2016 968 2091 “siemagna
976 2015 1110 2074 fuissetd”

185 2091 306 2168 “Major
320 2094 461 2151 dimidi0.''
502 2095 608 2151 “Num
621 2093 699 2153 tantd
710 2097 739 2152 T'
753 2096 853 2156 Quum
866 2092 955 2170 magis
967 2104 1050 2170 atque

186 2172 224 2227 Se
238 2168 327 2246 magis
340 2171 463 2241 inflaret;
485 2178 502 2203 “
513 2173 588 2243 Non,
603 2174 625 2229 si
640 2187 667 2231 te
682 2174 814 2249 ruperis,¹'
830 2174 928 2248 inquit,

185 2253 204 2279 “
215 2250 267 2307 Par
278 2251 359 2307 eris.'’
401 2250 472 2307 Haee
486 2271 502 2307 a
515 2262 542 2307 te
556 2272 612 2308 non
627 2251 745 2310 mulrdm
759 2254 865 2311 abludit
878 2254 978 2328 imago.

186 2329 269 2385 Adde
283 2334 412 2404 po'e'mata
426 2349 511 2400 nune,
527 2332 579 2386 hoe
593 2343 644 2400 est,
658 2331 750 2387 oleum
765 2333 837 2388 adde
850 2333 980 2390 camino:
1056 2331 1114 2390 820

185 2406 261 2468 Quae
274 2408 297 2464 si
310 2409 371 2483 quis
385 2428 469 2466 sanus
483 2409 557 2480 fecit,
572 2429 656 2466 sanus
671 2410 738 2466 sacis
751 2423 779 2467 et
792 2421 830 2467 tu.

186 2485 253 2544 Non
268 2488 332 2547 dieo
345 2490 511 2548 horrendam
527 2489 650 2550 rabiem.
663 2533 669 2546 .
682 2533 688 2546 .

556 2661 698 2694 norimus.

725 2747 744 2804 J
745 2768 789 2805 am
803 2750 907 2806 desine.

544 2918 714 2952 mmsrrrus.

185 3059 321 3137 Majorem
334 3083 421 3122 eensu
433 3109 438 3122 .
452 3109 476 3121 ..
544 3116 547 3123 .

560 3194 701 3226 nonnius.
757 3236 758 3243 ἵ

479 3312 481 3317 2
531 3276 654 3350 Teneris,
668 3277 846 3352 Damasippo,
859 3275 915 3334 tuis
926 3287 963 3336 te

186 3354 215 3424 Ο
228 3354 313 3432 major
325 3356 439 3412 tandem
451 3370 549 3430 percas
563 3356 661 3413 insane
674 3355 780 3414 minori.
