2444 4216
441 189 471 244 Q.
489 187 633 236 HORATll
650 187 774 237 FLACCI

278 335 322 392 Sit
335 334 434 390 modus
447 333 520 388 lasso
534 332 627 403 maris,
642 331 801 404 striarum,

433 410 615 484 Militiaeque!

276 491 360 550 Unde
374 490 397 547 si
412 490 507 546 Parcae
521 489 669 564 prohibent
683 489 797 564 iniquae,

276 570 369 626 Dulce
382 569 484 645 pellitis
497 569 595 626 oribus
608 568 711 625 Galaesi

276 648 407 722 Flumen,
421 659 449 706 et
462 659 578 724 regnata
591 659 684 723 petam
697 647 805 707 Laconi
834 661 841 726 ζ

432 727 514 784 Rura
528 727 673 784 Phalanto.

276 807 330 863 Ille
343 817 480 864 terrarum
493 807 563 863 mihi
574 818 676 882 praeter
689 825 790 863 omnes

277 886 410 960 Angulus
423 886 505 956 ridet,
519 886 567 942 ubi
582 905 640 942 non
655 884 790 959 Hymetto

277 964 364 1022 Mella
377 965 529 1037 decedunt,
544 965 679 1038 viridique
693 974 782 1021 certat

266 1098 271 1113 ,
432 1043 527 1101 Bacca
540 1044 680 1111 Venafr03

278 1123 336 1180 Ver
350 1123 399 1179 ubi
413 1122 538 1198 longum,
552 1121 835 1199 tepidasquepraebet

277 1201 386 1277 Jupiter
401 1203 513 1259 brumas
521 1222 542 1275 {³
550 1213 578 1259 et
592 1202 700 1258 amicus
714 1201 810 1259 Aulon

278 1280 375 1338 Fertili
389 1281 504 1339 Baccho
517 1279 667 1339 minimlrm
680 1279 809 1338 Falernis

433 1359 547 1417 Invidet
561 1361 629 1417 uvis.

278 1438 330 1495 Ille
343 1450 371 1495 te
384 1457 496 1494 mecum
510 1439 589 1495 locus
603 1450 631 1495 et
645 1439 735 1494 beatae

277 1517 422 1575 Postulant
436 1536 531 1575 arces:
553 1518 591 1574 ibi
605 1529 636 1574 tu
650 1516 791 1573 calentem

277 1595 381 1654 Debita
394 1616 508 1672 sparges
521 1596 646 1673 lacrymat
660 1595 783 1653 favillam

432 1676 513 1737 Vatis
528 1677 621 1734 amici.

542 1989 626 2047 ODE
640 1989 676 2048 V.

500 2128 539 2167 An
553 2128 718 2167 nomnium.

276 2227 305 2285 Ο
318 2246 398 2284 sure
413 2244 526 2283 mecum
539 2238 649 2302 tempus
663 2228 692 2284 in
707 2227 838 2286 ultimum

277 2306 417 2378 Deduete,
430 2304 518 2363 Bruto
531 2306 638 2364 militiae
652 2307 736 2378 duce,

314 2386 391 2448 Quis
404 2398 432 2444 te
446 2385 590 2443 redonavit
602 2385 748 2447 Quiritem

354 2465 408 2523 Dis
422 2466 530 2546 patriis,
544 2465 672 2540 Italoque
686 2465 767 2537 ooelo,

277 2546 403 2622 Pompei,
417 2564 544 2606 meorum
557 2545 647 2621 prime
661 2544 822 2602 sodalium‘l

277 2626 351 2683 Cum
364 2646 419 2700 quo
433 2637 588 2685 morantem
603 2621 678 2701 saepe
692 2624 769 2682 diem
782 2642 860 2684 mero

316 2703 410 2778 Fregi,
425 2716 574 2764 coronatus
587 2706 709 2761 nitentes

356 2781 531 2841 Malobathrc
546 2783 627 2856 Syrio
641 2783 778 2856 capillosl

277 2863 389 2920 Tecum
403 2865 546 2938 Philippos
556 2872 585 2917 et
598 2860 719 2916 celerem
735 2861 831 2935 fugam

277 2943 370 3015 Sensi,
385 2944 482 3002 relicta
496 2960 553 2999 non
568 2940 640 2997 bene
653 2939 792 3015 parmulri,

314 3022 415 3084 Quum
431 3025 519 3081 fracta
532 3021 618 3078 virtus
632 3028 660 3075 et
674 3018 800 3076 minaces

355 3101 452 3177 Turpe
466 3103 556 3159 solum
569 3096 688 3175 tetigere
702 3108 806 3156 mento.

277 3181 334 3236 Sed
348 3200 393 3237 me
406 3201 455 3256 per
471 3183 564 3238 hostes
578 3177 738 3235 Mercurius
752 3178 827 3235 celer

277 3257 374 3316 Denso
387 3271 535 3334 paventem
549 3257 661 3315 sustulit
675 3262 755 3315 aere:

315 3338 360 3395 Te
375 3358 472 3396 rursus
487 3339 516 3395 in
530 3336 633 3393 bellurn
648 3336 795 3395 resorbens

353 3417 437 3475 Unda
451 3419 528 3475 fretis
541 3416 605 3474 tulit
619 3417 752 3474 aestuosis.

276 3495 351 3572 Ergo
365 3497 515 3573 obligatam
529 3497 616 3554 redde
630 3495 693 3553 Jovi
708 3497 819 3572 dapem,

276 3575 430 3652 Longaque
444 3578 548 3635 sessum
562 3576 661 3634 militia
674 3575 748 3632 latus

315 3655 433 3731 Depone
445 3658 501 3714 sub
515 3659 593 3714 lauro
607 3655 685 3713 med:
706 3673 761 3712 nec

354 3735 443 3793 Parce
456 3738 535 3795 cadis
548 3735 600 3795 tibi
612 3734 766 3793 destinatis.
