2444 4216
148 216 205 276 186
473 212 504 271 Q.
520 212 665 276 RORATss
681 212 804 262 rancor

184 358 303 418 Utilium
316 356 412 414 tardus
424 356 556 432 provisor,
570 356 703 432 prodigus
717 355 789 428 aris,

185 436 331 508 Sublimis,
345 436 519 511 cupidusque
532 447 561 493 et
574 445 667 492 amata
680 434 837 509 relinquere
850 437 957 511 pernix.

185 515 338 574 Conversis
351 513 460 587 studiis,
475 525 542 571 astas
556 514 721 588 animusque
735 513 833 570 virilis

182 595 295 657 Quaerit
304 612 375 668 >opes
388 604 417 650 et
429 592 577 664 amicitias,
591 592 707 649 inservit
720 592 828 665 honori,

184 673 368 732 Commisisse
381 681 462 728 cavet
475 672 550 747 quod
564 690 629 729 mox
643 681 750 728 mutare
765 670 877 730 laboret.

184 751 276 809 Multa
289 769 386 808 senem
401 749 628 807 circumveniunt
641 751 835 818 incommoda;
856 751 898 806 vel
913 749 990 825 qudd

183 830 304 902 Quaerit,
318 840 347 887 et
360 829 481 886 inventis
495 829 579 886 miser
593 829 716 886 abstinet
729 847 763 884 ac
776 829 856 886 timet
868 830 925 898 uti;

183 909 236 966 Vel
250 907 326 985 qudd
339 928 385 966 res
397 927 496 966 omnes
509 905 607 966 timide
621 904 771 984 gelideque
786 908 931 980 ministrat,

183 988 301 1060 Dilator,
316 1007 365 1063 spe
379 989 490 1063 longus,
504 987 590 1058 iners,
606 987 758 1061 avidusque
773 986 868 1059 liituri,

183 1066 323 1139 Difficilis,
334 1066 476 1143 querulus,
491 1065 617 1123 laudator
631 1066 764 1140 temporis
777 1065 844 1122 acti⁴

184 1146 222 1203 Se
235 1165 334 1221 puero,
349 1165 449 1202 censor
463 1145 667 1220 castigatorque
681 1144 831 1201 minorum.

183 1223 275 1282 Multa
289 1226 382 1293 ferunt
395 1225 462 1281 anni
476 1225 621 1281 venientes
635 1223 783 1280 commoda
796 1241 910 1293 secum;

183 1302 275 1361 Multa
289 1305 455 1361 recedentes
468 1304 604 1360 adimunt.
645 1301 691 1359 Ne
706 1299 776 1360 forte
791 1302 893 1360 seniles

182 1381 356 1440 Mandentur
367 1382 463 1457 juveni
477 1393 579 1457 partes,
592 1399 734 1457 pueroque
748 1381 850 1452 viriles,

176 1462 300 1538 'Semper
313 1463 343 1518 in
356 1461 496 1536 adjunctis
510 1479 622 1536 aevoque
637 1460 807 1517 morabimur
820 1459 900 1535 aptis.

222 1542 282 1598 Aut
295 1541 386 1615 agitur
400 1559 445 1596 res
459 1539 488 1595 in
502 1541 605 1610 scenis,
620 1545 668 1595 aut
681 1548 744 1595 acta
758 1539 892 1595 refertur:

184 1616 307 1694 Segnius
320 1618 429 1675 irritant
443 1619 551 1675 animos
565 1618 687 1674 demissa
699 1636 749 1692 per
764 1635 870 1688 aurem,

181 1696 280 1759 Quum
293 1714 355 1772 quae
369 1707 435 1752 sunt
448 1696 538 1752 oculis
552 1696 678 1770 subjecta
692 1696 830 1785 fidelibus³
844 1707 873 1752 et
886 1715 948 1770 quae

182 1772 247 1852 Ipse
261 1775 313 1832 sibi
327 1775 411 1832 tradit
425 1785 575 1850 spectator„
611 1773 678 1830 Non
693 1785 787 1831 tamen
802 1776 877 1832 intus

183 1855 278 1932 Digna
291 1854 351 1930 geri
365 1871 476 1930 promes
489 1853 518 1909 in
533 1871 663 1919 scenam3
685 1854 828 1927 multaque
839 1852 920 1910 tolles

148 1968 151 1973 .
183 1934 227 1991 Ex
241 1934 339 2006 oculis,
353 1951 415 2009 quae
429 1947 493 1991 mox
507 1942 600 1989 narret
615 1931 746 1988 facundia
759 1949 899 2006 praesens:

183 2012 229 2069 Ne
243 2032 344 2088 pueros
357 2030 450 2069 coram
465 2010 568 2088 populo
582 2005 686 2070 Mddea
698 2010 833 2078 trucidet;

184 2093 245 2148 Aut
259 2092 381 2147 humana
394 2087 487 2165 paldm
502 2101 603 2165 coquat
615 2101 680 2146 exta
693 2089 816 2147 nefarius
830 2089 950 2158 Atreus3

183 2172 243 2227 Aut
253 2169 283 2225 in
297 2186 376 2225 avem
390 2167 501 2244 Progne
515 2181 646 2239 vertatur,
662 2169 788 2226 Cadmus
802 2167 830 2224 in
845 2187 977 2244 anguem.

181 2248 382 2322 Quodcunque
395 2247 521 2304 ostendis
534 2247 604 2303 mihi
618 2248 669 2319 sic,
684 2248 847 2304 incredulus
860 2247 916 2304 odi.

222 2326 303 2384 Neve
315 2327 416 2397 minor,
430 2343 486 2382 neu
500 2325 535 2382 sit
548 2327 646 2400 quinto
660 2327 820 2400 productior
834 2337 899 2382 actu

183 2406 300 2479 Fabula,
314 2421 376 2481 quae
389 2405 467 2482 posci
480 2405 538 2461 vult
547 2415 576 2462 et
590 2416 715 2480 spectata
728 2405 841 2481 reponi:

182 2484 247 2543 Nec
260 2486 331 2543 deus
346 2484 464 2557 intersit,
478 2484 533 2541 nisi
546 2484 649 2560 dignus
663 2484 773 2541 vindice
787 2484 879 2541 nodus

182 2564 333 2622 Inciderit:
354 2583 409 2622 nec
422 2574 520 2640 quarta
532 2564 606 2639 loqui
620 2583 738 2639 persona
752 2564 866 2621 laboret.

222 2643 335 2702 Actoris
347 2655 440 2719 partes
454 2644 557 2702 chorus
570 2643 748 2719 officiumque
763 2643 841 2701 virile

182 2723 338 2792 Defendat;
359 2740 415 2779 ueu
429 2722 496 2797 quid
510 2722 618 2781 medios
629 2723 780 2780 intercinat
793 2733 882 2794 actus,

182 2802 270 2864 Quod
284 2821 341 2859 non
355 2801 495 2877 proposito
508 2802 650 2858 conducat
662 2812 691 2859 et
706 2803 809 2858 haereat
823 2798 904 2876 apte:

182 2880 235 2938 llle
248 2881 329 2938 bonis
342 2881 495 2955 faveatque,
510 2890 538 2936 et
551 2880 714 2938 consilietur
728 2880 826 2936 amicis
834 2900 841 2949 ;

134 2988 137 2993 v
182 2958 220 3015 Et
232 2971 312 3035 regat
325 2961 418 3033 iratos,
433 2969 462 3017 et
475 2967 550 3017 amet
562 2978 664 3035 pacare
678 2969 818 3016 tumentes
829 2978 837 3028 ;

183 3033 234 3108 llle
249 3037 335 3113 dapes
349 3039 444 3097 laudet
457 3058 562 3096 mensae
576 3038 683 3108 brevis3
704 3038 751 3095 ille
765 3037 904 3096 salubrem

182 3112 335 3188 iustitiam,
349 3118 490 3194 legesque,
505 3130 533 3175 et
546 3118 648 3194 apertis
661 3118 718 3176 otia
731 3117 832 3194 portis3

182 3191 236 3250 Ille
249 3202 326 3268 tegat
339 3197 497 3267 commissa,
511 3196 634 3272 deosque
647 3209 778 3272 precetur
789 3208 817 3253 et
830 3206 898 3267 oret,

180 3270 220 3329 Ut
233 3271 329 3328 redeat
342 3273 461 3343 miseris,
476 3274 559 3330 abeat
572 3275 684 3333 fortuna
698 3275 833 3352 superbis.

222 3349 308 3408 Tibia
320 3369 388 3421 non,
402 3361 434 3407 ut
442 3354 533 3422 nunc,
547 3353 690 3412 orichalco
703 3355 806 3425 vincta,
820 3354 949 3428 tubeque

182 3428 307 3504 AEmula,
321 3431 370 3486 sed
384 3429 477 3487 tenuis
489 3429 661 3505 simplexque
673 3432 808 3489 foramine
822 3452 923 3508 pauco,

149 3555 152 3560 .
182 3510 336 3585 Adspirare
349 3519 378 3565 et
391 3509 489 3566 adesse
503 3509 596 3566 choris
609 3521 670 3566 erat
683 3510 768 3582 utilis,
782 3521 865 3585 atque

182 3587 318 3647 Nondum
332 3588 419 3665 spissa
433 3589 517 3646 nimis
531 3588 671 3664 complere
685 3589 783 3647 sedilia
796 3589 873 3663 flatu,

181 3665 252 3728 Qua
266 3665 335 3726 send
349 3667 468 3744 populus
481 3667 670 3740 numerabilia,
684 3679 779 3744 utpote
792 3688 903 3745 parvus,

183 3742 222 3803 Et
234 3745 307 3825 frugi
320 3758 468 3824 castusque
481 3747 710 3825 verecundusque
723 3748 826 3807 coibat
