2444 4216
432 196 462 252 Q
479 193 624 244 nostru
640 194 764 245 susce!

344 337 471 414 Tempus
483 337 645 396 Amazoniis
659 338 752 395 securi

265 416 385 476 Dextras
397 418 522 473 oburmet
524 435 671 491 ,querere
681 416 777 475 distuli

267 495 344 572 (Nec
358 495 430 551 scire
445 495 486 552 fas
500 507 543 552 est
555 495 682 574 omnial:
703 495 754 552 sed
766 494 818 552 diu

302 571 429 648 Lateque
443 574 572 631 victrices
585 584 715 646 catervae,

342 652 495 709 Consiliis
486 653 596 728 juvenis
610 652 772 749 mulctans

263 729 386 790 Sensdre
398 731 465 806 quid
479 751 560 789 mens
573 729 627 788 ritd
629 732 718 807 ,quid
732 730 853 803 indoles,

261 809 291 866 N
293 811 377 867 utrrts
391 811 488 867 faustis
501 811 554 866 sub
566 810 766 886 penetralibus,

300 888 399 946 Posset
400 890 488 964 ,quid
503 890 627 965 Augusti
639 901 775 964 paternus

338 966 374 1025 ln
387 987 488 1044 pueros
501 969 612 1025 animus
626 968 803 1026 Nerones

260 1046 360 1105 Fortes
374 1058 504 1104 creantur
518 1047 651 1116 fortibus3
672 1059 700 1105 et
714 1048 796 1105 bonis

260 1125 332 1184 Est
325 1146 354 1183 ιιι
365 1126 503 1203 juvencis,
516 1127 602 1189 estin
614 1127 703 1201 equis,
717 1136 827 1202 potrum

300 1205 415 1262 Virtus:
434 1224 489 1263 nee
502 1205 644 1262 imbellem
656 1205 762 1263 seroces

339 1284 531 1360 Progenerant
544 1284 643 1359 aquilae
657 1284 825 1350 columbum.

260 1362 398 1420 Doctrina
411 1365 461 1419 sed
476 1364 531 1419 vim
544 1374 687 1438 promovet
700 1364 825 1436 insitum,

260 1442 401 1517 Rectique
415 1441 507 1498 cultus
519 1452 633 1516 pectora
645 1442 794 1499 roborent:

267 1521 337 1578 Ut
326 1532 451 1595 tcunque
464 1518 595 1576 defecdre
610 1539 710 1592 mores,

27 1612 65 1645 s·
96 1620 101 1633 ι
141 1670 146 1679 ἴ
254 1593 275 1666 ².
338 1599 508 1666 Indecorant
522 1599 594 1655 bene
608 1611 675 1656 nata
687 1598 787 1674 culpae

253 1677 341 1739 ,Quid
354 1679 469 1750 debeas,
479 1677 608 1736 oRoma
609 1677 806 1750 ,Neronibus
887 1637 891 1647 ⁴

13 1720 18 1731 ι
74 1774 88 1803 ··
229 1753 240 1785 ·’
259 1724 531 1817 TestisMetarirum
545 1725 661 1828 flumbo,
674 1757 879 1816 etHusdrubul

297 1834 443 1909 Devictus,
457 1846 486 1893 et
498 1835 614 1910 pulcher
629 1803 732 1911 diguitis

338 1913 390 1972 Ille
404 1915 464 1972 dies
478 1914 559 1972 Latro
573 1914 708 1985 tenebris
784 1951 805 1979 ,ι
818 1897 863 1985 s
904 1878 909 1893 Ι
943 1963 1021 1993 aa.

253 1992 320 2055 ,Qui
333 1996 439 2070 primus
452 1994 525 2070 almi
538 1993 599 2051 risit
612 1993 742 2066 adorea,
738 2002 777 2033 t
770 1964 864 2049 ul⁸

240 2091 242 2095 ’
258 2069 344 2129 Dirus
357 2093 406 2148 per
420 2074 504 2131 urbes
517 2073 587 2131 Afer
601 2083 632 2129 ut
645 2040 740 2144 Italus,

298 2151 361 2207 Ceu
375 2151 487 2208 flamma
499 2172 548 2227 per
563 2152 661 2223 taedas,
674 2152 717 2209 vel
731 2150 827 2210 Eurus

154 2230 158 2235 ’
264 2274 268 2280 .
337 2230 391 2287 Per
406 2231 517 2287 Siculas
530 2230 664 2305 equitavit
677 2232 777 2288 undas.

258 2309 325 2368 Post
338 2309 392 2366 boe
405 2309 537 2366 secundis
551 2327 639 2383 usqne
652 2309 796 2366 laboribus

260 2388 393 2447 Romana
406 2388 495 2464 pubes
508 2387 606 2459 crevit,
619 2398 648 2445 et
661 2387 748 2463 impio
817 2391 818 2394 ’

292 2468 415 2529 Vastata
428 2467 579 2525 Poenorum
593 2467 715 2524 tumultu

336 2547 415 2622 Vana
428 2546 497 2604 deos
510 2543 636 2604 habuere
648 2556 746 2604 rectos.

258 2626 391 2774 {linitque
411 2628 525 2684 tandem
538 2625 661 2701 perfidus
675 2613 837 2683 Hannibal:

268 2705 373 2762 ‘Cervi
397 2704 526 2778 luporum
540 2705 635 2781 praeda
648 2705 804 2779 rapacium,

297 2784 444 2840 Sectamur
458 2781 530 2838 ultro
543 2800 613 2855 quos
624 2783 736 2856 opimus

335 2861 445 2919 Fallere
459 2870 488 2917 et
500 2858 625 2934 effugere
639 2870 681 2916 est
695 2861 874 2935 triumphum

257 2942 335 2998 Gens
338 2959 420 3014 ‚quae
434 2949 557 2996 cremato
570 2937 648 2996 fortis
661 2937 696 2994 ab
710 2936 774 3010 Ilio,

256 3020 274 3076 J
276 3031 367 3077 aetate
381 3019 485 3076 Tuscis
499 3017 657 3093 aequoribus
671 3035 761 3088 sacra,

295 3098 324 3154 N
326 3111 451 3172 atosque,
464 3109 642 3171 maturosque
655 3107 760 3172 patres,

334 3176 452 3233 Pertulit
466 3177 608 3233 Ausonias
622 3176 657 3232 ad
671 3174 766 3247 urbes,

255 3253 342 3312 Duris
355 3265 387 3311 ut
400 3254 455 3311 ilex
468 3264 548 3310 tonsa
562 3254 732 3329 bipennibus

255 3333 352 3409 Nigrae
367 3332 452 3388 feraci
466 3331 571 3388 frondis
585 3332 614 3388 in
629 3332 745 3409 Algido,

294 3411 348 3469 Per
360 3411 473 3482 damna,
486 3429 535 3485 per
549 3410 651 3482 caedes,
665 3412 701 3469 ab
713 3412 776 3488 ipso

333 3489 420 3546 Ducit
433 3509 500 3565 opes
514 3489 692 3564 animumque
707 3489 789 3548 ferro.

255 3571 322 3628 Non
336 3568 436 3644 Hydra
448 3579 524 3626 secto
537 3586 651 3642 corpore
665 3568 769 3629 firmior

255 3649 341 3707 Vinci
354 3647 496 3704 dolentem
509 3646 596 3704 crevit
610 3647 639 3703 in
653 3646 809 3706 Herculem
816 3667 827 3719 3

293 3727 485 3791 Monstrumve
499 3723 653 3783 submisere
668 3726 768 3785 Colchi

332 3805 436 3883 Majus,
448 3803 629 3899 Echioniaere
642 3803 762 3865 Thebe.
