2444 4216
432 220 462 273 Q.
480 216 623 265 HORATII
640 216 772 267 FLACCI.
879 271 881 276 ,

156 380 161 388 ’
271 363 387 422 Occidit
400 360 472 418 Daoi
486 361 628 419 Cotisonis
641 379 758 436 agmen:

241 452 244 459 '
270 441 374 501 Medus
387 441 495 498 infestis
508 440 562 496 sibi
576 441 720 497 luctuosus
826 476 829 481 -

465 519 592 577 Dissidet
605 520 704 576 nmis:

272 599 373 671 Servit,
387 599 523 674 Hispanae
537 610 616 656 vetus
630 599 717 655 hostis
728 616 794 670 orn,

272 678 423 750 Cantaber,
439 680 503 735 seria
516 678 640 735 domitus
653 677 770 734 entend:

272 756 336 814 Jam
352 759 464 832 Scythae
478 756 542 814 laxo
555 758 724 814 meditantur
738 774 805 814 arou

465 836 575 893 Cedere
595 837 710 912 eampis.

272 913 438 992 Negligens‚
453 935 489 971 ne
503 916 558 989 qud
572 916 690 991 populus
703 915 818 987 laboret,

273 993 363 1051 Parce
375 995 497 1070 privatus
510 992 630 1052 nimidm
644 1013 762 1062 cavere3

270 1071 354 1130 Dona
367 1074 511 1149 presentis
524 1092 594 1149 cape
607 1073 687 1157 laetus
701 1075 784 1144 horae,
797 1080 826 1129 et

465 1153 575 1226 Linque
589 1171 692 1210 severa.

503 1503 587 1561 CDE
614 1502 700 1561 VIII.

478 1660 518 1698 AD
538 1660 728 1700 Mancunmat.

273 1782 425 1852 Maaomn,
441 1778 520 1856 (nam
534 1791 562 1836 te
576 1779 676 1837 docilis
689 1781 823 1856 magistro

273 1860 363 1919 Movit
376 1861 520 1935 Amphion
534 1858 641 1934 lapides
655 1861 809 1938 canendo,)

274 1939 388 2015 Tuque,
401 1939 522 2009 testudo,
536 1957 667 1996 resonare
681 1951 787 2015 septem

467 2017 579 2075 Callida
592 2018 693 2089 nervis,

274 2096 338 2154 Nea
351 2097 451 2171 loquax
464 2098 531 2153 olim
545 2116 636 2169 neque
650 2108 738 2171 grata,
752 2115 830 2153 nuno
842 2107 872 2154 et

274 2174 401 2231 Divitum
414 2175 519 2229 mensis
533 2185 561 2229 et
575 2174 666 2230 amica
679 2174 799 2250 templis,

275 2253 330 2311 Dio
344 2253 441 2309 modos
454 2251 533 2325 Lyde
546 2252 647 2325 quibus
660 2253 813 2310 obstinatas

468 2330 603 2405 Applioet
616 2348 707 2386 aures.

275 2409 324 2467 Tu
336 2421 415 2486 potes
428 2408 514 2484 tigres
528 2409 699 2483 comitesque
713 2410 795 2467 silvas

276 2489 400 2560 Ducere,
414 2499 442 2545 et
455 2488 528 2544 rivos
541 2487 647 2544 celeres
661 2489 771 2546 morari.

276 2568 369 2626 Cessit
382 2567 513 2624 immanis
526 2567 576 2624 tibi
590 2566 744 2626 blandienti

471 2646 582 2703 Janitor
596 2647 666 2703 aulae

276 2724 433 2791 Cerberus;
454 2725 580 2797 quamvis
595 2725 693 2782 furiale
707 2738 822 2784 eentum

276 2801 409 2859 Muniant
423 2820 529 2876 angues
544 2816 627 2877 caput
641 2804 712 2877 ejus,
726 2816 809 2879 atque
846 2830 850 2838 ·

277 2882 397 2959 Spiritus
411 2891 480 2938 teter
495 2880 643 2955 saniesque
657 2892 752 2939 manet

468 2959 528 3017 Cre
541 2959 674 3036 trilingui.

275 3040 357 3100 Quin
372 3051 400 3097 et
414 3038 494 3097 Ixion
511 3039 665 3114 Tityosque
680 3039 758 3097 vultu

277 3118 354 3175 Risit
368 3120 469 3175 invito:
491 3120 567 3176 stetit
580 3138 651 3176 urna
661 3116 777 3195 paulum

278 3196 371 3267 Sicca,
386 3196 454 3252 dum
467 3207 546 3271 grato
559 3197 654 3255 Danai
667 3198 775 3274 puellas

426 3328 428 3332 Α
472 3273 605 3332 Carmine
620 3277 735 3334 muloes.

278 3353 385 3410 Audiat
398 3352 476 3427 Lyde
491 3354 583 3410 scelus
598 3368 680 3429 atque
693 3367 774 3413 notas

278 3432 427 3507 Virginem
442 3451 548 3507 qmnas,
562 3445 591 3490 et
605 3433 688 3492 inane
702 3433 822 3509 lymphae

278 3510 393 3568 Delium
407 3511 494 3569 fundo
508 3514 651 3587 pereuntis
665 3515 731 3585 imo,

474 3593 597 3665 Senaque
611 3592 668 3649 fata

278 3669 354 3729 Quae
367 3683 482 3727 manent
496 3671 592 3745 culpas
606 3672 690 3728 etiam
704 3671 756 3728 sub
766 3669 851 3730 Oreo.

280 3747 387 3824 Impiae,
403 3746 481 3826 (nam
495 3751 562 3824 quid
575 3749 692 3825 potuere
706 3749 829 3828 majusl)
