2444 4216
429 193 629 245 CARMINUM
645 194 711 247 LIB.
728 196 779 248 m.

503 419 588 478 ODE
608 418 690 478 XIV.

488 557 528 596 An
542 557 714 597 TELEPHUM.

341 656 500 718 Qumurmu
515 657 599 713 distet
613 656 648 712 ab
662 656 770 716 Inacho

186 738 307 810 Codrus,
320 757 371 814 pro
384 736 474 812 patria
488 755 545 793 non
559 736 674 792 timidus
688 738 768 812 mori,
841 741 844 756 '

343 814 461 886 Narras,
476 827 504 872 et
518 833 609 891 genus
623 814 717 888 AEaci,

186 896 224 954 Et
236 907 361 973 pugnata
374 914 455 952 sacro
469 895 541 952 bella
555 895 608 950 sub
621 892 692 951 Ilio:

341 975 410 1036 Quo
424 973 528 1031 Chium
542 975 632 1050 pretio
646 975 749 1030 cadum

138 1070 142 1076 ’
187 1053 359 1125 Mercemur‚
373 1054 437 1129 quis
450 1073 551 1130 aquarn
564 1065 703 1129 temperet
717 1053 840 1130 ignibus,

342 1134 411 1195 Quo
424 1134 567 1209 praebente
581 1134 697 1189 domum
711 1145 740 1189 et
753 1133 839 1208 quota

185 1213 311 1289 Pelignis
324 1232 436 1269 caream
452 1213 610 1286 frigoribus,
625 1222 711 1266 taces.

343 1291 389 1347 Da
402 1291 492 1346 Lunae
506 1286 624 1364 propere
639 1308 728 1360 novae,

184 1371 232 1428 Da
245 1370 347 1428 Noctis
361 1366 472 1440 mediae,
485 1370 531 1439 da,
545 1385 625 1443 puer,
639 1369 754 1444 auguris

344 1447 488 1505 Murena:
510 1448 599 1504 tribus
613 1459 661 1503 aut
675 1467 775 1505 novem

136 1548 140 1554 ·
185 1527 345 1586 Miscentur
359 1528 467 1602 cyathis
480 1527 583 1603 pocula
597 1528 760 1584 commodis.
823 1598 826 1604 ἢ

341 1607 402 1668 Qui
418 1606 516 1662 Musas
527 1617 602 1662 amat
617 1607 746 1682 impares,

184 1686 298 1744 Temos
312 1698 353 1743 ter
368 1688 484 1760 cyathos
498 1685 631 1742 attonitus
644 1696 721 1760 petet

342 1766 443 1822 Vates:
464 1776 520 1822 tres
533 1765 661 1840 prohibet
675 1784 759 1841 supra

185 1845 325 1903 Rixarum
339 1856 467 1901 metuens
487 1856 603 1920 tangere
616 1843 724 1918 Gratia,

341 1923 434 1981 Nudis
446 1924 544 1999 juncta
559 1924 707 1980 sororibus.

185 2003 316 2061 Insanire
327 2003 412 2080 juvat.
448 2004 507 2059 Cur
522 2002 718 2076 Berecynthia

342 2082 462 2139 Cessant
475 2081 590 2137 flamina
603 2081 700 2137 tibiael

185 2161 244 2219 Cur
257 2162 362 2236 pendet
375 2161 461 2219 tacita
475 2160 567 2218 fistula
581 2178 647 2216 cum
661 2159 741 2235 lyrdl

341 2240 494 2298 Parcentes
507 2258 561 2316 ego
573 2240 703 2296 dexteras

184 2319 258 2376 Odi:
279 2339 378 2396 sparge
392 2339 484 2389 rosas;
506 2320 603 2378 audiat
617 2319 729 2376 invidus

341 2399 510 2459 Dementem
523 2398 670 2474 strepitum
685 2397 789 2473 Lycus,

185 2476 223 2536 Et
236 2477 329 2534 vicina
343 2479 405 2536 seni
418 2498 475 2536 non
489 2479 591 2535 habilis
604 2475 691 2550 Lyco.

511 2788 595 2848 ODE
615 2788 681 2848 XV.

485 2928 524 2967 AD
539 2928 716 2967 AMPHORAM.

263 3032 292 3090 Ο
306 3049 385 3089 nana
400 3047 512 3085 mecum
523 3029 640 3085 consule
656 3025 774 3099 Manlio,

264 3114 322 3170 Seu
336 3123 366 3167 tu
380 3107 517 3184 querelas,
532 3107 590 3162 sivo
601 3107 675 3182 geris
686 3106 775 3181 jocos,

302 3192 361 3248 Seu
375 3189 464 3246 rixam
478 3199 507 3243 et
521 3187 635 3243 insanos
645 3205 764 3258 amores,

341 3270 399 3326 Seu
415 3267 536 3337 facilem,
549 3266 596 3342 pia
609 3277 688 3337 testa,
703 3283 843 3338 somnum,

262 3349 443 3423 Quocunque
457 3347 562 3403 lectum
576 3347 690 3403 nomine
705 3344 860 3406 Massicum

266 3430 375 3499 Servas,
391 3427 496 3484 moveri
510 3427 596 3503 digna
610 3426 683 3494 bono
698 3425 759 3483 die:

305 3507 464 3577 Descende,
480 3505 603 3564 Corvino
614 3505 742 3580 jubente,

341 3586 472 3643 Promere
485 3586 663 3662 languidiora
677 3583 748 3640 vina.

263 3664 332 3724 Non
346 3665 402 3735 ille,
416 3683 575 3740 quanquam
591 3662 743 3720 Socraticis
756 3661 852 3719 madet

263 3743 457 3815 Semonibus,
472 3756 499 3802 te
515 3743 640 3819 negliget
653 3742 798 3799 horridus:
