2444 4216
142 210 199 272 116
462 211 492 268 Q.
511 209 654 258 HORA'l'Il
671 209 794 259 FLACCI

179 357 241 418 Qui
255 374 300 413 me
314 352 470 425 commorit,
493 358 511 383 “
521 351 627 410 Melibs
640 372 697 410 non
711 364 827 429 tangere
837 354 863 410 l''
886 353 992 430 clamo,¹
1078 355 1117 414 4⁵

180 435 282 507 Flebit,
297 446 325 493 et
338 433 455 509 insignis
467 431 526 489 tota
539 432 697 489 cantabitur
707 432 784 488 urbe.
859 451 861 455 ·

183 515 296 572 Servius
310 515 395 570 iratus
408 513 486 587 leges
499 511 644 568 minitatur
657 521 685 567 et
698 528 815 568 urnam:

180 592 301 650 Canidia
315 588 423 662 Albuti,
437 591 537 665 quibus
551 600 594 647 est
607 590 731 661 inimica,
745 608 900 648 venenum:

180 672 295 729 Grande
309 671 413 727 malurn
427 668 544 741 Turius,
559 668 658 743 siquis
672 687 702 725 se
713 668 809 744 judice
824 680 919 727 certet.

182 751 229 823 Ut,
242 770 297 825 quo
309 751 425 824 quisque
439 749 521 821 valet,
536 758 681 824 suspectos
694 759 804 821 terreat,
818 759 904 824 utque
1078 750 1117 809 50

182 830 304 905 Imperet
318 831 371 886 hoc
385 838 485 885 natura
498 839 607 904 potens,
622 829 663 884 sic
677 827 778 903 collige
791 846 920 886 mecum:

182 909 275 966 Dente
288 909 380 983 lupus,
395 926 483 965 cornu
497 918 593 964 taurus
606 907 676 981 petit
687 927 701 976 ;.
716 907 802 979 unde,
817 907 871 964 nisi
884 907 960 965 intus

181 985 389 1045 Monstratuml
424 987 528 1042 scaeva
542 985 666 1042 vivacem
681 987 765 1042 crede
778 987 873 1062 nepoti

182 1065 320 1123 Matrem:
342 1067 382 1122 nil
398 1066 480 1123 saciet
494 1065 608 1122 sceleris
620 1065 667 1140 pia
680 1066 810 1122 dextera:
831 1066 950 1125 mirum!

181 1145 219 1202 Ut
233 1165 323 1220 neque
337 1146 416 1202 calce
430 1145 513 1220 lupus
526 1163 694 1219 quenquam,
709 1163 800 1218 neque
814 1145 899 1202 dente
913 1145 982 1221 petit
996 1145 1062 1203 bos:
1078 1145 1118 1203 55

183 1225 240 1281 Sed
254 1225 328 1281 mala
341 1225 418 1281 tollet
431 1243 517 1280 anum
531 1223 626 1281 vitiato
639 1223 721 1279 melle
732 1223 833 1281 cicuta.

180 1303 227 1360 Ne
241 1305 355 1379 longum
370 1303 486 1372 faciam·;
508 1322 557 1360 sen
573 1321 618 1359 nae
631 1302 779 1377 tranquilla
793 1313 923 1360 senectus

180 1382 341 1458 Exspectat,
357 1401 407 1439 seu
417 1395 491 1440 mors
505 1382 571 1439 atris
585 1382 767 1439 circumvolat
781 1382 849 1451 alis3

180 1460 276 1533 Dives,
290 1462 386 1537 inops;
408 1461 519 1532 Romae,
534 1457 584 1538 seu
598 1461 653 1517 fors
667 1461 706 1517 ita
716 1461 839 1536 jusserit,
852 1460 948 1531 exsul;

178 1539 316 1615 Quisquis
330 1541 383 1597 erit
397 1540 469 1612 vite,
484 1539 615 1611 scribam,
630 1539 713 1597 color.

549 1688 707 1721 TREBA'HUS.
719 1701 721 1705 ·

636 1775 639 1781 ’
685 1760 691 1772 ’
725 1774 753 1831 Ο
766 1793 845 1850 puer,
860 1785 891 1832 ut
903 1775 942 1832 sis
1078 1775 1117 1835 60

179 1856 280 1912 Vitalis
290 1865 394 1926 metuo,
408 1865 436 1911 et
450 1854 587 1930 majorum
601 1873 637 1910 ne
651 1855 713 1928 quis
727 1854 836 1910 amicus
976 1870 980 1877 ·

179 1935 295 2010 Frigore
309 1946 336 1991 te
351 1934 438 1995 feriat,

554 2061 697 2095 nonestus.

534 2146 636 2215 Quidt
656 2168 742 2224 quum
756 2160 798 2206 est
811 2148 939 2206 Lucilius
952 2167 1039 2208 ausus

178 2229 288 2287 Primus
302 2230 331 2285 in
345 2229 422 2285 hunc
435 2228 527 2304 operis
540 2247 709 2304 componere
723 2229 849 2286 carmina
862 2248 978 2302 morem,
1047 2253 1050 2262 ·

178 2308 332 2367 Detrahere
346 2320 374 2364 et
387 2308 497 2383 pellem,
512 2307 617 2363 nitidus
631 2307 686 2382 qud
700 2308 815 2381 quisque
829 2327 879 2383 per
891 2327 942 2383 ora
1025 2305 1031 2320 ‘

177 2389 308 2459 Cederet,
323 2388 472 2444 introrsum
486 2387 591 2475 turpis;
613 2404 681 2442 num
695 2385 809 2458 Laelius,
823 2386 912 2462 etqui
1021 2398 1024 2404 '
1076 2387 1115 2446 65

178 2467 266 2524 Duxit
280 2468 315 2523 ab
328 2466 461 2543 oppressit
474 2475 605 2532 meritum
621 2465 792 2540 Carthagine
806 2484 920 2538 nomen,

122 2598 124 2613 ,
178 2547 298 2623 Ingenio
311 2547 420 2617 offensi,
436 2556 483 2602 aut
496 2545 563 2602 laeso
575 2543 691 2602 doluere
706 2543 832 2616 Metello,

177 2626 359 2700 Famosisque
373 2626 454 2700 Lupo
467 2636 598 2700 cooperto
611 2625 755 2681 versibusl
789 2624 877 2699 Atqui

177 2705 317 2763 Primores
329 2704 424 2780 populi
439 2705 555 2780 arripuit
567 2704 755 2780 populumque
769 2703 904 2775 tributim,

177 2785 294 2841 Scilicet
307 2783 356 2840 uni
370 2801 466 2857 aequus
480 2785 573 2839 virtuti
588 2795 670 2856 atque
684 2783 745 2858 ejus
758 2783 865 2839 amicis.
1075 2782 1114 2840 70

175 2864 266 2934 Quin,
280 2863 326 2921 ubi
341 2882 370 2918 se
385 2882 401 2918 a
415 2862 496 2937 vulgo
510 2873 538 2918 et
552 2862 638 2917 scena
652 2863 681 2918 in
696 2872 805 2918 secreta
816 2858 958 2918 remorant

176 2941 274 2998 Virtus
288 2942 427 3017 Scipiadae
441 2952 470 2999 et
484 2940 558 3012 mitis
572 2941 709 3016 sapientia
722 2938 802 3011 Laeli,

176 3019 287 3094 Nugari
301 3041 366 3077 cum
381 3021 437 3092 illo,
451 3032 480 3079 et
494 3020 625 3077 discincti
639 3020 746 3092 ludere,
761 3020 851 3076 donec
896 3038 898 3043 ·

176 3097 386 3171 Decoqueretur
399 3101 470 3171 olus,
484 3101 566 3157 soliti.
600 3100 748 3175 Quidquid
762 3117 824 3155 sum
835 3116 898 3173 ege,
908 3095 1035 3172 quamvis

175 3175 254 3232 Insra
267 3176 361 3233 Lucili
377 3197 493 3234 censum
505 3179 714 3255 ingeniumque,
725 3189 819 3236 tamen
832 3195 878 3234 me
976 3182 978 3186 '
1074 3176 1113 3234 75

177 3255 251 3311 Cum
265 3257 376 3330 magnis
392 3257 491 3312 vixisse
506 3257 592 3314 invita
607 3259 736 3316 fatebitur
750 3275 838 3331 usque

176 3334 296 3408 Invidia,
309 3345 347 3405 et,
364 3334 454 3409 fragili
467 3353 595 3408 quaerens
609 3337 716 3395 illidere
730 3338 854 3406 dentem,

174 3413 309 3471 Offendet
322 3414 428 3471 solido:
449 3413 504 3470 nisi
517 3412 585 3487 quid
599 3424 638 3485 tu,
653 3417 734 3473 docte
748 3413 875 3486 Trebati,

176 3492 323 3550 Dissentis.

543 3581 700 3616 Tumulus.

408 3668 545 3744 Equidem
559 3668 628 3726 nihil
643 3666 690 3725 hic
704 3669 851 3727 diffindere
863 3687 986 3746 possum

177 3748 235 3805 Sed
248 3759 351 3822 tamen,
367 3759 397 3809 ut
410 3749 533 3807 monitus
547 3765 655 3821 caveas,
670 3766 706 3806 ne
720 3746 791 3806 forte
805 3746 902 3827 negoti
1072 3745 1112 3806 80
