2444 4216
446 211 477 269 Q.
494 211 640 287 HORATII
655 212 778 262 FLACCI

316 353 442 426 Gaudes,
456 355 566 431 apricos
578 366 661 413 necte
676 352 767 426 flores,

355 431 448 491 Necte
462 452 527 491 meo
540 433 647 492 Lamiae
660 452 805 505 coronam,

278 510 399 587 Pimplei'
412 511 519 569 dulcis!
541 514 581 570 nil
594 514 656 571 sine
669 523 697 571 te
710 513 767 570 mei

278 590 399 650 Possunt
412 592 551 648 honores:
573 594 650 649 hunc
664 591 766 649 fidibus
779 591 869 664 novis,

310 669 407 742 ¹Hunc
420 668 523 728 Lesbio
536 691 647 730 sacrare
660 670 777 746 plectro,
911 736 912 740 η

355 746 458 824 Teque
471 752 685 826 tuasquedecet
699 769 816 808 sorores.

505 1061 589 1120 ODE
603 1060 705 1120 XXII.

512 1201 552 1240 AD
566 1200 706 1240 somnust.

277 1301 375 1360 Naris
389 1302 419 1361 in
433 1320 516 1359 usum
529 1300 632 1359 laetitiae
646 1300 760 1377 scyphis

280 1383 417 1458 Pugnare,
431 1379 578 1437 Thracum
589 1390 639 1437 est.
681 1380 786 1437 Tollite
801 1380 949 1440 barbarum

317 1460 440 1532 Morem,
453 1460 700 1533 verecundumque
714 1459 860 1518 Bacchum

355 1537 526 1615 Sanguiueis
538 1537 683 1613 prohibete
696 1537 772 1595 rixis.

276 1618 354 1676 Vino
367 1630 396 1677 et
408 1617 532 1675 lucernis
546 1615 650 1674 Medus
663 1616 795 1674 acinaces

277 1694 406 1755 humane
420 1694 556 1772 quantum
570 1696 728 1771 discrepat!
750 1694 873 1772 Impiurn

315 1775 418 1834 Lenite
431 1777 593 1848 clamorem,
607 1775 726 1847 sodales,

315 1908 319 1915 .
355 1856 393 1914 Et
406 1855 502 1914 cubito
515 1866 658 1913 remanete
670 1873 774 1930 presso.

502 2166 586 2224 ODE
599 2162 717 2223 XXIII.

523 2306 688 2347 ARCHY'I'AS.

200 2416 275 2475 “Tu
289 2413 374 2474 maris
387 2425 416 2472 et
429 2424 510 2472 terrae
523 2432 695 2489 numeroque
710 2415 832 2472 carentis
845 2435 939 2476 arenre

353 2492 522 2558 Mensorem,
531 2492 673 2565 cohibent,
688 2492 823 2568 Archyta,

200 2574 326 2634 Pulveris
338 2573 434 2649 exigui
446 2592 533 2649 prope
546 2573 721 2648 littusparva
734 2571 876 2630 Matinum

356 2650 493 2721 Munera;
514 2671 569 2709 nec
582 2652 734 2726 quidquam
747 2653 797 2710 tibi
811 2653 925 2728 prodest

200 2733 304 2791 Aerias
317 2731 442 2789 tentasse
456 2731 562 2800 domos,
577 2731 726 2804 animoque
739 2732 892 2789 rotundum

355 2808 532 2866 Percurrisse
544 2807 649 2883 polum,
663 2809 813 2867 morituro!
823 2811 840 2837 ’'

202 2889 344 2948 “Occidit
357 2899 386 2946 et
399 2887 511 2962 Pelopis
523 2887 643 2964 genitor,
657 2887 776 2943 conviva
789 2888 916 2961 deorum,

354 2967 553 3041 Tithonusque
566 2976 689 3023 remotus
700 2966 729 3022 in
744 2985 835 3038 auras,

201 3046 238 3106 Et
251 3047 329 3106 Iovis
343 3047 453 3104 arcanis
467 3045 563 3104 Minos
576 3046 733 3102 admissus:
755 3046 914 3122 habentque

356 3125 477 3183 Tartara
489 3124 677 3196 PanthoI'den,
692 3125 793 3182 iterum
806 3124 884 3184 Orco

200 3202 371 3275 Demissurn,
385 3203 633 3279 quamvis‚⁵clypeo
646 3203 772 3280 Trojana
785 3205 871 3263 refixo

357 3281 500 3359 Tempora
513 3293 639 3355 testatus,
653 3283 723 3341 nihil
738 3284 810 3341 ultra

201 3361 312 3420 Nereos
325 3372 407 3437 atque
421 3372 515 3420 cutem
530 3361 611 3419 morti
625 3373 804 3420 concesserat
817 3373 900 3433 atrae3

357 3440 461 3499 Iudice
474 3459 529 3513 me,
544 3458 601 3497 non
615 3440 744 3498 sordidus
757 3452 854 3498 auctor

203 3520 320 3579 Naturae
333 3520 453 3594 verique.
495 3520 552 3577 Sed
566 3539 664 3577 omnes
678 3539 735 3577 una
748 3531 843 3578 manet
855 3539 922 3593 nox,

358 3598 396 3655 Et
409 3599 545 3656 calcanda
559 3599 645 3657 semel
659 3599 704 3655 via
716 3598 773 3656 leti.

203 3677 280 3738 Dent
293 3679 362 3737 alios
376 3677 470 3735 Furiae
484 3689 561 3736 torvo
574 3677 735 3753 spectacula
748 3675 851 3735 Marti:

359 3756 454 3817 Exitio
466 3768 510 3816 est
522 3758 635 3815 avidum
649 3774 726 3815 mare
740 3755 850 3814 nautis:
