2444 4216
436 216 467 274 Q.
485 210 629 264 HORATll
646 215 778 267 mccl

277 357 408 438 Impund,
422 359 504 431 lulli,
518 378 633 435 carpere
646 358 745 417 lividus

277 440 448 498 Obliviones.
482 437 534 496 Est
547 439 659 495 unimus
671 438 722 496 tibi

317 519 481 593 Rerumque
494 517 628 593 prudens,
642 528 670 575 et
684 517 817 576 secundis

355 596 545 673 Temporibus
558 596 706 672 dubiisque
719 608 830 668 rectus3
927 604 929 608 '

277 676 391 734 Vindex
404 694 493 733 avare
507 675 622 747 fraudis,
637 687 666 733 et
680 675 824 735 abstinens

277 754 416 812 Ducentis
430 755 466 810 ad
480 773 511 811 se
524 765 629 811 cuncta
640 755 786 830 pecuniae3

317 833 480 907 Consulque
494 853 551 891 non
565 834 649 890 unius
663 835 740 906 anni,

357 913 413 970 Sed
427 913 536 986 quoties
549 913 639 969 bonus
653 927 735 987 atque
749 913 822 970 fidus

279 991 373 1048 Judex
386 992 533 1048 honestum
548 991 669 1066 praetulit
682 990 753 1062 utili,
767 1002 795 1049 et

279 1069 393 1145 Rejecit
406 1070 461 1127 alto
475 1068 549 1126 dont
562 1070 725 1127 nocentium

318 1149 416 1220 Vultu,
430 1159 458 1205 et
471 1167 519 1222 per
533 1147 675 1206 obstantes
689 1159 814 1206 catervas
843 1207 849 1216 ,

357 1227 500 1303 Explicuit
514 1245 565 1282 sun
578 1226 665 1284 victor
679 1245 764 1297 arma.
819 1264 822 1268 -
885 1273 887 1277 ,

281 1305 350 1365 Non
414 1306 553 1362 sidentem
566 1305 654 1362 multa
667 1294 809 1364 veniretis
823 1330 832 1361 ,·

281 1385 374 1443 Recte
390 1386 519 1441 beatum:
540 1382 646 1440 rectius
658 1395 779 1460 occupat

319 1464 432 1522 Nomen
447 1461 530 1533 beati,
544 1462 591 1536 qui
605 1463 723 1520 deorum

358 1540 526 1599 Muneribus
540 1541 679 1614 sapienter
692 1542 743 1614 uti,

280 1620 443 1695 Durnmque
457 1620 539 1676 callet
552 1621 713 1696 pauperiem
727 1621 795 1697 peti,

281 1699 418 1774 Pe‘usque
432 1699 488 1756 leto
501 1698 638 1774 flagitium
651 1699 732 1758 timet
739 1721 747 1770 ;

351 1798 388 1836 on
402 1778 449 1835 illc
462 1796 511 1853 pro
525 1778 597 1835 caris
611 1778 710 1835 amicis

359 1857 420 1915 Aut
432 1857 521 1934 patriti
535 1856 651 1914 timidus
663 1858 762 1933 perire.

542 2174 625 2233 ODE
639 2174 693 2233 IX.

501 2311 541 2350 Al>
555 2312 732 2354 LlGURINUM.

206 2413 235 2471 Ο
249 2431 392 2470 cnunnms
407 2411 510 2484 adhuc,
524 2422 553 2468 ct
567 2411 688 2469 Veneris
701 2411 866 2471 muneribus
878 2424 988 2491 potens,

206 2492 353 2568 Insperata
365 2503 421 2550 tuae
434 2509 521 2568 quum
534 2491 627 2548 veniet
640 2490 736 2567 pluma
749 2493 897 2568 superbie,

206 2572 253 2644 Et,
266 2590 328 2647 quae
342 2591 419 2629 nunc
433 2570 557 2628 humeris
571 2570 725 2642 involitnnt·¹
740 2571 897 2630 deciderint
910 2591 1010 2646 come,

206 2649 295 2707 Nunc
308 2661 337 2708 et
349 2652 396 2726 qui
407 2651 483 2707 color
497 2659 540 2706 e'st
553 2651 682 2725 puniceae
697 2649 763 2707 flore
777 2652 851 2725 prior
864 2670 936 2710 rose

208 2728 335 2786 Mutatus
348 2728 515 2804 Ligurinum
532 2729 560 2784 in
576 2729 677 2786 faciem
691 2730 803 2787 verterit
814 2731 969 2806 hispidam;
1088 2731 1108 2788 5

208 2807 305 2880 Dices,
320 2812 337 2839 “
348 2807 414 2864 Heu
422 2808 447 2864 l''
464 2804 585 2883 (quoties
599 2819 626 2863 te
641 2809 670 2863 in
685 2808 800 2882 speculo
814 2809 915 2866 videris
928 2808 1060 2886 alterum)

210 2892 228 2918 “
237 2887 313 2949 Quae
327 2907 408 2945 mens
420 2896 464 2945 est
478 2885 571 2956 hodie,
586 2903 637 2941 cur
651 2885 750 2941 eadem
764 2904 822 2942 non
835 2906 924 2961 puero
937 2886 1008 2946 fuitl

209 2966 263 3024 Vel
277 2985 327 3024 cur
340 2968 384 3025 his
397 2965 498 3024 animis
512 2964 668 3022 incolumes
681 2982 737 3021 non
752 2963 871 3023 redeunt
884 2985 965 3044 genu
976 2967 1006 3026 l’'

551 3278 634 3335 ODE
647 3279 693 3337 X.

502 3414 542 3453 AD
555 3414 737 3457 Pilumnum.

289 3515 351 3574 Esn
364 3515 432 3571 mihi
446 3533 552 3571 nonum
567 3515 724 3590 superantis
737 3535 844 3575 annum

289 3596 394 3654 Plenus
407 3593 511 3651 Albani
525 3595 629 3652 cadus:
651 3603 692 3650 est
706 3592 735 3648 in
749 3594 839 3668 horto,

291 3674 392 3750 Phylli,
406 3675 553 3731 nectendis
561 3673 659 3750 epium
673 3672 797 3729 curonis:

295 3773 296 3776 ’
523 3752 576 3811 Est
588 3753 699 3810 hederae
712 3749 753 3808 vis
