2444 4216
387 216 589 265 summula
607 217 672 264 atu.
689 217 725 266 11.
741 219 765 266 8.

134 358 262 417 Extimui
275 378 313 416 ne
326 378 373 418 vos
384 371 481 436 ageret
493 361 605 417 vesania
620 361 743 430 discam

131 437 181 494 Tu
196 437 461 510 Nomentanum,¹tu
475 459 511 496 ne
524 458 671 514 sequerere
685 439 823 497 Cicutam.

129 517 241 587 Quare,
252 537 301 592 per
315 518 392 574 divos
405 529 499 575 oratus
512 531 628 592 uterque
640 519 769 590 Penates,

130 595 180 651 'Pu
194 615 264 652 cave
278 615 313 652 ne
328 597 448 672 minuas,
462 609 492 654 tu
504 617 540 653 ne
554 597 644 671 majus
655 597 741 654 facias
754 598 782 654 id

130 674 219 735 Quod
235 676 302 731 satis
315 695 376 733 esse
390 688 468 751 putat
484 688 569 750 pater,
584 687 612 731 et
626 688 725 732 natura
739 680 859 733 coercet.

130 752 278 824 Praeterea,
293 773 329 810 ne
344 775 390 812 vos
404 755 497 812 titillet
507 755 603 829 gloria,
615 754 688 829 jure·

126 832 246 908 jurando
259 834 430 909 obstringam
445 834 542 890 ambo:
564 846 624 890 uter
638 833 726 890 aedilis
738 833 852 891 fueritve

132 911 263 968 Vestrtim
277 924 387 987 praetor,
404 914 426 969 is
440 913 605 984 intestabilis
618 923 647 969 et
660 932 739 970 sacer
752 924 820 971 esto.

131 989 167 1046 ln
182 992 275 1047 cicere
289 1004 372 1066 atque
388 992 452 1048 labri
468 993 540 1050 burra
553 1004 583 1049 tu
598 994 751 1068 perdasque
765 989 878 1066 lupinis,

131 1068 220 1126 Latus
234 1082 265 1126 ut
279 1070 307 1127 in
323 1071 408 1128 Circo
421 1073 549 1147 spatiere,
565 1084 612 1128 aut
626 1090 721 1128 aeneus
736 1082 765 1126 ut
779 1082 844 1142 stes,

54 1162 57 1169 '
130 1147 235 1205 Nudus
250 1150 332 1224 agris,
344 1151 437 1207 nudus
448 1152 579 1222 nummis,
594 1152 701 1220 insane,
715 1150 859 1224 paternisl

132 1228 249 1285 Scilicet
263 1240 293 1284 ut
306 1229 418 1303 plausus
431 1248 500 1304 quos
515 1229 567 1285 fert
582 1229 706 1303 Agrippa
721 1229 792 1284 seras
804 1240 845 1299 tu,
905 1228 906 1231 ’

130 1308 232 1363 Astuta
246 1307 401 1382 ingenuum
416 1309 511 1382 vulpes
525 1308 631 1364 imitata
645 1308 754 1364 leonem
762 1307 782 1362 l’
814 1308 833 1349 ⁴

130 1389 138 1416 ‘
155 1385 200 1442 Ne
214 1387 276 1460 quis
292 1382 421 1443 humdsse
437 1387 501 1443 velit
516 1387 642 1462 Ajacem,
659 1387 767 1457 Atrida,
782 1395 858 1442 vetas
871 1403 921 1442 cur
928 1385 949 1442 l'

130 1465 215 1521 ‘Rex
230 1467 310 1520 sum!
352 1464 418 1522 ‘Nil
433 1465 504 1523 ultrd
518 1485 612 1540 quaero
625 1466 768 1541 plebeius!
810 1465 866 1521 ‘Et
879 1483 987 1540 taquam

128 1543 205 1601 Rem
221 1545 363 1619 imperitet
384 1558 421 1616 at,
436 1547 458 1602 si
473 1546 519 1602 cui
534 1546 627 1602 videor
639 1565 697 1603 ιιοιι
709 1546 809 1621 justus,
825 1545 913 1603 inulto

129 1622 234 1681 Dicere
247 1625 321 1697 quod
335 1625 420 1682 sentit
432 1625 579 1700 permitto!
621 1624 764 1681 ‘Maxime
775 1642 883 1700 regum,
901 1661 902 1664 =
1011 1623 1067 1681 190

129 1702 167 1758 Di
181 1702 231 1759 tibi
246 1704 312 1760 dent
323 1704 406 1778 capti
420 1704 536 1761 classem
552 1705 685 1761 reducere
700 1703 803 1778 Trojti!

129 1781 206 1858 Ergo
222 1783 379 1852 consulere,
394 1794 422 1840 et
436 1803 500 1840 mox
513 1784 680 1857 respondere
695 1783 809 1840 licebit
800 1784 819 1826 l’

130 1861 290 1917 ‘Consule'
326 1861 403 1918 ‘Cur
418 1863 500 1936 Ajax,
513 1865 594 1919 heros
608 1864 643 1919 ab
654 1863 767 1919 Achille
778 1861 930 1932 secundus,

129 1939 278 2011 Putrescit,
293 1940 374 1997 toties
388 1943 501 1997 servatis
515 1941 606 1999 clarus
623 1942 756 1997 Achivis?

128 2019 257 2075 Gaudeat
271 2031 301 2075 ut
315 2019 432 2108 pupulus
447 2016 548 2075 Priami
563 2020 744 2092 Priamusque
759 2006 912 2088 inhumata,
1011 2017 1065 2075 195

129 2097 188 2232 &qr
197 2117 278 2172 quem
294 2109 331 2154 tot
344 2099 461 2173 juvenes
475 2097 563 2172 patrio
577 2117 694 2153 caruere
708 2095 864 2171 sepulcrol'

182 2177 227 2233 ille
240 2177 331 2233 ovium
347 2177 461 2232 insanus
476 2177 558 2232 morti
570 2176 657 2245 dedit,
672 2176 805 2250 inclytum
822 2174 947 2250 Ulyssem

120 2255 157 2312 ,E
184 2255 346 2312 Menelaiim
362 2256 419 2310 und
434 2273 543 2311 mecum
558 2275 587 2310 se
602 2256 732 2312 occidere
746 2255 888 2312 clamans!

129 2334 195 2391 ‘Tu
208 2354 293 2409 quum
308 2354 357 2409 prc
368 2332 453 2391 vitula
467 2335 565 2390 statuis
578 2334 689 2391 dulcem
704 2335 808 2390 Aulide
823 2345 916 2390 natam

129 2415 189 2470 Ant
178 2425 209 2470 te
220 2433 280 2470 aras
284 2414 461 2488 ,spargisque
476 2413 549 2469 mola
564 2424 658 2487 caput,
671 2413 804 2487 improbe,
818 2411 902 2482 salsd,
1005 2412 1064 2470 200

43 2515 46 2518 ’
128 2492 252 2550 Rectum
267 2492 352 2547 animi
366 2494 485 2548 servasl'
521 2491 710 2551 ‘Quorsumt’
745 2489 885 2546 Insanus
897 2489 965 2564 qurd
977 2508 1054 2548 eurrn

150 2592 152 2596 ·
208 2570 282 2625 Αιιιι

129 2649 213 2707 Fecit
235 2589 321 2722 iquum
337 2647 432 2702 stravit
447 2646 518 2704 ferro
528 2647 635 2721 pecusl
656 2647 826 2703 abstinuit
802 2666 857 2703 ιιιιι

129 2729 223 2786 Uxore
236 2739 265 2784 et
278 2738 373 2802 gnato,
386 2725 458 2781 mala
472 2726 558 2782 multa
572 2737 701 2800 precatus
715 2727 829 2783 Atridis.

128 2808 194 2865 Non
210 2807 255 2863 ille
270 2817 317 2862 aut
331 2804 476 2862 Teucrum
491 2816 539 2862 aut
553 2805 642 2879 ipsum
658 2805 766 2863 violavit
780 2805 924 2880 Ulyssem!

130 2884 256 2944 ‘Verium
270 2905 332 2960 ege,
348 2896 377 2941 ut
392 2885 528 2940 haerentes
543 2885 658 2941 adverso
672 2885 763 2941 littore
777 2904 862 2942 naves
1003 2884 1062 2944 205

129 2965 284 3040 Eriperem‚
298 2965 422 3039 prudens
436 2963 540 3038 placavi
555 2964 691 3038 sanguiue
703 2965 800 3020 divos!

130 3051 136 3074 ‘
152 3044 178 3100 N
183 3065 262 3119 emp}
278 3059 335 3115 tiro,
351 3043 471 3100 furiose’
507 3041 601 3110 ‘Meu
616 3043 664 3098 sed
680 3061 734 3097 non
750 3041 887 3099 furiosus!

129 3124 209 3184 ‘Qui
223 3125 330 3198 apices
344 3122 414 3180 alias
428 3120 499 3188 veris
513 3120 680 3194 scelerisque
694 3120 816 3177 tumultu

129 3202 253 3260 Permitt
256 3222 284 3258 as
298 3203 398 3276 capiet,
414 3211 569 3258 commotus
584 3200 744 3267 habebitur;
766 3211 857 3276 atque,

129 3282 388 3352 Stultititiueerret,
368 3280 519 3338 tnilrilum
535 3279 656 3349 distabit,
671 3279 771 3336 anirti
1003 3281 1061 3338 21⁰

106 3362 211 3446 ,Αῇιιιι
225 3379 310 3434 quum
325 3329 477 3416 imuieritos
490 3358 594 3415 occidit
596 3359 726 3433 ,desipit
742 3359 876 3448 agnosl

127 3431 225 3501 Qtrtim
239 3439 361 3513 prudens
374 3439 466 3496 scelus
478 3439 514 3495 ub
527 3437 620 3495 titulos
634 3438 775 3494 adrnittis'
769 3457 876 3509 manes,

127 3520 192 3575 Stas
205 3519 317 3575 animol
337 3527 365 3573 et
378 3537 477 3591 purum
489 3530 530 3574 est
541 3518 606 3575 vitio
618 3517 667 3574 tibi
671 3534 772 3589 ,quum
783 3517 920 3573 tumidum
930 3525 982 3586 est,
993 3515 1060 3572 carl

128 3599 158 3654 Si
173 3598 234 3672 quis
248 3596 348 3652 lectica
363 3596 478 3653 nitidam
494 3609 603 3672 gestare
618 3606 701 3652 amet
705 3613 821 3668 agnam„

127 3677 205 3733 Huic
219 3687 333 3744 vestm,
349 3686 378 3730 ut
392 3687 594 3750 unate,paret,
609 3672 724 3731 ancillas
737 3684 824 3746 paret
839 3690 951 3741 aurum,
1001 3671 1060 3730 215

128 3755 235 3812 Raram
250 3766 298 3811 aut
312 3751 588 3888 Rufillpqnpppellet,
581 3752 719 3826 ,sortique
733 3752 832 3809 marito
