2444 4216
120 208 176 269 m
427 208 463 267 Q.
479 206 624 257 nolam!
640 207 773 259 nnucol.

155 350 324 412 Manserunt
336 352 473 428 hodieque
486 361 602 409 manent
611 351 728 426 vestigia
737 351 817 413 ruris
924 389 926 392 -
1019 354 1089 412 160

155 432 242 489 Serus
255 433 336 494 eninr
345 431 452 488 Grecis
465 430 587 488 admovit
600 429 731 487 acumina
743 429 864 499 chartis;
901 488 903 493 ,

153 509 201 583 Et,
215 522 277 586 post
290 510 399 568 Punica
411 509 483 567 bella
495 509 615 584 quietus,
628 526 752 583 quaerere
764 509 850 584 coepit

153 588 234 651 Quid
248 589 401 664 Sophocles
414 600 443 647 et
453 587 577 664 Thespis
590 599 618 645 et
629 586 780 662 AEschylus
794 587 863 644 utile
877 587 989 646 ferrent

153 667 286 727 Tentavit
298 685 407 743 quoque
420 686 479 725 rem
494 667 517 724 si
531 663 616 742 digne
631 677 737 727 vertere
750 676 843 742 posset
850 685 858 735 ;

153 746 191 803 Et
203 746 307 821 placuit
321 746 383 818 sibi,
397 746 497 803 naturai
510 745 637 803 sublimis
650 755 679 802 et
693 763 771 801 acer:
1033 748 1086 805 105

152 823 182 880 N
183 844 228 881 am
242 825 327 901 spirat
339 825 477 901 tragicum
492 821 569 896 satis,
580 834 608 881 et
621 823 739 881 feliciter
750 824 850 893 audet3

152 904 209 960 Sed
223 914 332 980 turpem
345 914 425 979 putat
438 900 539 961 inscite
550 903 704 977 metuitque
718 902 837 960 lituram.

191 981 332 1054 Creditur,
346 1002 382 1040 ex
395 983 488 1040 medio
501 982 566 1058 quia
579 1000 625 1038 res
638 982 763 1054 arcessit,
774 981 877 1039 habere

151 1061 268 1118 Sudoris
279 1062 436 1132 minimum,
450 1062 500 1118 sed
513 1061 598 1118 habet
612 1060 759 1119 Comoedia
772 1058 851 1118 tanti)

150 1138 218 1196 Plus
231 1141 333 1212 oneris,
347 1137 452 1215 quanto
466 1141 555 1197 venite
569 1139 670 1206 minus.
712 1138 949 1214 AspicetPlautus
1029 1141 1084 1198 170

149 1218 218 1279 Quo
230 1231 313 1294 pacto
326 1229 418 1294 partes
431 1229 535 1277 tutetur
549 1218 668 1275 amantis
681 1218 792 1293 ephebi,
1009 1234 1013 1242 ·

133 1317 135 1321 ¹
150 1295 188 1354 Ut
200 1299 286 1372 patris
301 1298 409 1369 attenti,
423 1298 532 1355 lenonis
546 1309 577 1354 ut
590 1297 733 1354 insidiosi:
816 1342 818 1353 .

148 1376 282 1437 Quantus
296 1377 330 1433 ait
343 1376 508 1434 Dossennus
521 1376 655 1434 edacibus
669 1377 698 1432 in
711 1375 840 1450 parasitis
848 1395 856 1445 ;
894 1448 895 1452 Ἰ

148 1453 246 1515 Quam
261 1475 318 1512 non
333 1456 446 1512 astricto
458 1464 602 1530 percurrat
614 1454 721 1530 pulpita
735 1473 826 1512 socon.
1009 1510 1012 1515 ⁴

149 1534 240 1591 Gestit
253 1535 329 1591 enirn
343 1552 489 1590 nummum
504 1533 532 1590 in
546 1533 654 1591 loculos
665 1533 822 1606 demittere,
836 1535 965 1608 posthoc
1027 1536 1083 1607 175

149 1613 273 1670 Securus
285 1614 368 1669 cadat
382 1631 418 1668 an
432 1623 509 1669 recto
519 1623 574 1670 stet
587 1612 681 1669 fabula
693 1611 757 1669 talo.
956 1627 958 1632 '

186 1691 281 1753 Quem
296 1691 359 1749 tulit
372 1692 408 1747 ad
418 1709 533 1748 scenam
546 1702 661 1748 ventoso
673 1691 769 1748 Gloria
782 1709 877 1763 curru,

149 1768 299 1827 Exanimat
312 1769 405 1829 lentus
418 1781 566 1845 spectator,
581 1770 697 1827 sedulus
708 1769 795 1828 inflat.

149 1849 197 1906 Sic
211 1849 281 1921 leve,
292 1849 334 1906 sio
346 1857 461 1925 parvum
474 1860 526 1920 est,
541 1849 666 1905 animum
679 1850 753 1923 quod
767 1849 859 1906 laudis
869 1868 984 1907 avarum

149 1928 264 1985 Subruit
277 1947 311 1986 ao
325 1927 421 1986 reficit.
442 1965 444 1969 ν
462 1928 562 1986 Valeat
575 1947 620 1984 res
633 1927 751 1999 ludicra,
766 1929 790 1985 si
802 1947 849 1985 me
1027 1929 1081 1987 180

60 2053 63 2058 .
147 2006 244 2063 Palma
257 2019 360 2083 negata
373 2026 508 2080 macrum,
522 2009 625 2065 donata
638 2006 746 2064 reducit
758 2006 891 2082 opimum.

187 2082 268 2160 Saepe
283 2087 367 2143 etiam
382 2087 518 2144 audacem
532 2087 687 2162 sagarthon,
701 2096 839 2162 terretque
852 2089 976 2160 politam,
992 2141 995 2147 .

145 2163 234 2224 Quod
249 2182 365 2221 numero
377 2165 480 2239 plnres,
495 2167 595 2223 virtute
607 2164 637 2222 et
650 2166 758 2222 honore
768 2164 900 2237 minores,
956 2205 960 2218 .

145 2241 258 2298 lndooti
272 2242 429 2317 stolidique,
443 2255 471 2301 et
485 2244 647 2318 depugnare
660 2242 762 2319 parati·
970 2286 973 2292 ·
1025 2292 1028 2296 Α

147 2321 177 2378 si
192 2320 332 2379 discordet
344 2339 439 2396 eques,
454 2322 547 2379 media
561 2323 633 2379 inter
647 2323 773 2380 earmina
786 2334 906 2398 poscunt
1023 2325 1079 2382 185

146 2402 325 2475 Autursum,
340 2411 388 2460 aut
401 2401 525 2477 pugiles:
546 2400 589 2457 hir
604 2419 670 2468 narn
680 2401 826 2476 plebecula
839 2402 951 2477 gaudet.
1011 2396 1013 2401 ’

145 2477 252 2538 Verum
266 2480 352 2555 equiti
365 2498 474 2556 quoque
484 2479 543 2556 jam
556 2480 685 2556 migravit
698 2479 733 2536 ab
747 2499 813 2537 aure
827 2480 954 2556 voluptas

144 2557 246 2616 Omnis
260 2559 295 2615 ad
309 2558 432 2618 incertos
444 2558 541 2618 oculos
554 2570 583 2617 et
595 2559 699 2636 gaudia
712 2578 792 2616 vana.
848 2629 853 2642 Ι

143 2638 273 2699 Quatuor
288 2648 336 2695 aut
349 2637 544 2714 plures'aulaea
556 2649 720 2715 premuntur
733 2639 762 2696 in
778 2639 869 2710 horas,
897 2682 900 2687 .

144 2715 220 2773 Dum
234 2717 345 2792 fugiunt
358 2717 482 2791 equitum
496 2729 595 2775 turma
606 2718 787 2793 peditumque
801 2729 934 2787 catervam
973 2747 974 2751 =
1023 2719 1079 2776 190

143 2793 212 2853 Mox
225 2796 343 2853 trahitur
357 2793 487 2853 manibus
500 2815 598 2872 regum
613 2797 724 2854 fortuna
737 2797 861 2867 retortis3

143 2873 251 2932 Esseda
266 2874 405 2948 festinant,
419 2875 534 2952 pilenta,
546 2875 688 2952 petorrita,
703 2893 803 2945 naves;

62 2956 64 2958 ’
143 2952 291 3028 Captivum
304 2965 428 3030 portatur
441 2956 520 3028 ebur,
535 2955 644 3032 captiva
657 2954 818 3012 Corinthus.

143 3030 174 3086 Si
188 3031 258 3088 foret
271 3033 300 3089 in
315 3034 405 3107 terris,
419 3035 523 3092 rideret
535 3032 724 3106 Democritus,
739 3051 789 3091 seu

141 3106 289 3166 Diversum
304 3114 421 3170 confusa
434 3133 524 3190 genus
537 3113 674 3190 panthera
686 3112 804 3184 camelo,
832 3155 834 3159 ψ
872 3147 874 3151 <
908 3127 931 3158 2
1021 3112 1077 3170 195

142 3186 207 3244 Sive
220 3187 333 3263 elephas
347 3190 426 3248 albus
439 3192 515 3268 vulgi
527 3202 777 3255 converteretora:

141 3265 287 3340 Spectaret
300 3269 433 3343 populum
446 3269 521 3327 ludis
535 3269 668 3330 attentirls
678 3271 758 3346 ipsis,
802 3328 805 3333 ,
859 3307 861 3313 1

140 3343 179 3401 Ut
192 3344 245 3402 sibi
257 3344 429 3420 prebentem
441 3347 703 3426 mimoapeetacula
713 3349 801 3425 plura.
828 3392 831 3397 -

120 3423 297 3499 -Scriptores
310 3434 403 3482 autem
417 3445 530 3483 narrare
543 3440 653 3503 putaret
666 3429 751 3494 asello
855 3441 880 3483 ³.
957 3440 961 3452 '
999 3458 1008 3490 r

55 3547 61 3571 »ἵ
141 3501 284 3560 Fabellam
298 3504 399 3562 surdo:
420 3511 485 3562 narn
499 3523 561 3580 quae
574 3508 737 3582 pervincere
751 3525 833 3566 voces
960 3542 981 3573 „
1018 3505 1076 3564 2⁰⁰

141 3580 279 3640 Evaludre
294 3600 394 3640 sonum
407 3584 531 3642 referunt
542 3602 628 3664 quem
641 3598 736 3649 nostra
749 3586 887 3655 mercat,
896 3628 907 3649 .,
979 3632 981 3639 .
997 3627 999 3632 -

141 3659 304 3736 Garganum
317 3661 426 3737 mugire
439 3675 642 3742 putassemus,
656 3677 705 3724 aut
717 3684 796 3724 mare
809 3663 960 3729 tuscum
1007 3678 1018 3713 r

141 3736 841 3821 Tantorumstrepituludimeetnnttuetartes..
959 3786 981 3793 η-
