2444 4216
417 208 661 258 irmsrouanuu
677 207 742 257 ΜΒ.
759 209 781 259 1.
798 214 823 257 4.

151 396 155 403 -
168 354 247 414 Bella
260 352 323 429 quis
336 363 364 410 et
376 371 461 429 paces
474 352 590 429 longum
603 352 736 410 diffundit
748 352 778 409 in
794 370 884 410 evum
894 355 917 411 l·

168 434 250 496 Quid
264 432 368 502 Titius,
382 431 514 489 Romana
528 432 603 488 brevi
618 444 751 489 venturas
766 432 795 489 in
808 451 868 504 ora,
950 471 954 476 -

170 511 314 570 Pindarici
330 511 412 570 fontis
422 511 473 586 qui
488 531 544 568 non
557 511 692 585 expalluit
703 512 827 583 haustus,
945 522 952 532 ‘
1074 513 1109 569 10

171 591 309 649 Fastidire
323 590 400 646 lacus
414 603 443 647 et
455 591 528 647 rivos
542 608 627 645 ausus
638 592 768 664 apertosl
793 620 796 629 ·

171 671 210 728 Ut
223 671 317 727 valetl
338 681 368 726 ut
382 670 511 726 meminit
523 668 631 724 nostril
651 669 790 726 fidibusne
805 668 914 727 Latinis

172 749 326 809 Thebanos
341 760 436 824 aptare
450 748 548 804 modos
562 749 664 817 studet,
679 747 793 822 auspice
804 747 915 806 'Musrll
1011 785 1014 788 ·

171 830 219 885 An
234 828 342 904 tragica
355 827 470 884 desaevit
484 839 513 883 et
526 826 692 901 ampullatur
707 827 735 882 in
750 838 809 883 arte
819 828 834 882 l⁴
861 856 874 903 q

169 907 249 969 Quid
261 907 331 963 mibi
346 907 448 962 Celsus
463 905 539 980 agitl
561 906 692 975 monituS,
705 903 880 979 multumque
890 908 1057 979 monendus,
1075 908 1110 963 15

171 985 296 1044 Privatas
311 997 341 1041 ut
355 997 460 1058 quaerat
474 1004 551 1060 opes,
566 997 594 1040 et
607 998 723 1058 tangere
738 984 804 1040 vitet

172 1066 283 1141 Scripta
297 1064 441 1120 Palatinus
455 1082 630 1138 quaecunque
644 1064 751 1138 recepit
765 1063 883 1138 Apollo:

171 1144 227 1215 Ne,
242 1145 266 1201 si
280 1140 350 1202 fortir
365 1160 429 1198 suas
443 1143 591 1217 repetitum
606 1141 712 1197 venerit
725 1142 790 1197 olim

160 1217 249 1280 'Grex
263 1223 355 1281 avium
370 1221 490 1297 plumas,
506 1231 615 1278 moveat
628 1220 773 1281 cornicula
788 1220 883 1291 risum,

173 1302 295 1359 Furtivis
309 1301 415 1357 nudata
429 1299 576 1355 coloribus.
619 1297 683 1373 Ipse
697 1299 763 1374 quid
779 1299 885 1355 audcsl
1072 1301 1112 1358 20

172 1381 248 1443 Quae
263 1377 470 1437 circumvolitas
486 1377 566 1452 agilis
580 1377 695 1452 thyma‘l
716 1396 773 1433 non
788 1376 839 1451 tibi
853 1392 983 1457 parvum·

175 1460 338 1536 Ingenium,
353 1475 410 1514 non
425 1457 561 1515 incultum
576 1467 628 1528 est,
643 1475 697 1531 nec
711 1457 828 1532 turpiter
843 1457 954 1514 hirtum.

175 1541 233 1596 Seu
248 1539 375 1614 linguam
391 1537 485 1604 causis
498 1536 586 1607 acuis5
601 1555 651 1594 seu
665 1536 755 1593 civica
766 1536 830 1611 jura

175 1618 362 1694 Respondere
375 1635 467 1692 paras,
480 1634 531 1673 seu
545 1617 645 1673 condis
659 1614 778 1672 amabile
792 1634 917 1688 carmen,

173 1699 268 1756 Prima
283 1697 355 1754 feres
371 1696 482 1752 hederae
497 1696 618 1755 victricis
632 1695 763 1774 praemia:
782 1693 858 1779 qudd
873 1696 896 1752 si
943 1688 946 1692 ’
1058 1695 1112 1752 25

174 1778 289 1856 Frigida
302 1792 436 1832 curarum
451 1775 574 1834 fomenta
587 1775 745 1850 relinquere
757 1793 864 1850 posses,

173 1855 243 1918 Quo
258 1870 291 1914 te·
300 1855 422 1913 celenis
435 1856 572 1930 sapientia
585 1856 712 1925 duceret,
727 1855 790 1910 ires.

174 1935 239 1994 Hoc
254 1955 333 2012 opus,
349 1936 402 1991 hoc
417 1935 540 1992 studium
555 1935 631 2010 parvi
645 1951 825 2009 properemus
839 1929 975 2008 etampli,
1035 1938 1041 1951 ’

176 2016 206 2072 Si
221 2016 316 2090 patriae
331 2014 468 2085 volumus,
484 2015 507 2071 si
522 2014 613 2085 nobis,
627 2014 719 2068 vivere
733 2011 799 2067 cari.
815 2060 818 2077 .
857 2044 861 2049 .

212 2094 307 2151 Debes
322 2093 474 2150 hocetism
489 2093 653 2166 rescribere,
668 2091 691 2147 si
705 2091 755 2147 tibi
769 2098 855 2161 curat,
1039 2096 1042 2100 '
1072 2089 1111 2147 30

173 2173 298 2235 Quanta
312 2172 471 2245 conveniat,
488 2171 651 2228 Munatius:
674 2189 710 2228 an
724 2166 797 2227 male
812 2179 887 2226 sarta

174 2254 271 2310 Gratia
285 2251 473 2327 nequidquam
488 2252 545 2309 colt
558 2264 586 2308 et
600 2250 788 2308 rescinditurl
797 2266 799 2271 ’
808 2260 837 2306 at
852 2267 899 2305 ros

175 2333 232 2388 Seu
247 2333 355 2389 calidus
368 2331 494 2406 sanguis,
508 2350 558 2388 seu
572 2349 666 2388 rerum
680 2329 796 2387 inscitia
810 2322 891 2384 vexat

174 2410 316 2469 Indomita
331 2411 442 2467 cervice
457 2409 539 2482 feros,
555 2410 716 2483 ubicunque
731 2410 856 2465 locorum

175 2490 287 2560 Virilis,
303 2489 412 2563 indigni
428 2489 581 2546 fraternum
595 2488 725 2562 rumpere
740 2486 839 2555 soedus,
896 2542 899 2547 ,
939 2516 942 2521 »

176 2566 304 2624 Pascitur
318 2568 347 2623 in
360 2577 484 2622 restrum
498 2568 620 2623 reditum
635 2565 724 2621 votiva
736 2565 865 2640 juvenca.

621 2712 627 2726 4
673 2712 676 2717 .

483 2740 770 2768 ...-.-..l-r-—---

490 2879 692 2959 uersuum
715 2878 766 2937 lv.

444 3019 485 3058 sn
505 2987 621 3059 unsrun
638 2962 824 3067 'brenacum

177 3126 265 3196 Ausi,
279 3133 439 3181 nostrorum
454 3136 617 3177 sermonum
632 3117 753 3195 candide
764 3117 861 3193 judex,
898 3132 908 3145 ¹·
991 3133 995 3141 ¹

154 3269 158 3277 ‚
177 3204 258 3266 Quid
273 3221 350 3260 nunc
365 3213 393 3259 te
407 3200 500 3256 dicam
516 3199 609 3255 facere
623 3198 653 3254 in
667 3196 782 3274 regione
797 3195 933 3271 Pedana}
989 3206 993 3211 ’

155 3282 158 3289 ’
178 3283 307 3341 Scribere
321 3282 396 3356 quod
411 3278 493 3337 Cassi
508 3277 669 3336 Parmensis
680 3276 817 3353 opuscula
831 3276 946 3335 vincatl

178 3362 226 3419 An
240 3362 357 3418 tacitum
371 3360 454 3417 silvas
467 3359 540 3416 inter
555 3367 664 3432 reptare
677 3357 813 3430 salubres,

178 3441 333 3513 Curantenr
347 3439 481 3515 quidquid
496 3436 614 3515 dignum
627 3437 758 3512 sapiente
773 3436 901 3508 bonoque
913 3434 976 3490 estl

178 3519 245 3577 Non
260 3532 290 3576 tu
304 3535 405 3593 corpus
418 3536 483 3575 eras
493 3518 555 3575 siue
568 3527 691 3599 pectore.
733 3512 771 3568 Dl
785 3513 835 3570 tibi
850 3513 983 3585 formam,-

177 3598 216 3656 Di
231 3599 282 3656 tibi
296 3596 405 3654 divitias
418 3597 566 3672 dederuut,
579 3603 724 3667 artemque
738 3591 857 3649 fruendi.
1009 3600 1012 3606 '
1051 3610 1053 3613 ’

217 3676 298 3739 Quid
313 3684 411 3732 rorent
423 3676 500 3733 duci
515 3674 657 3747 nutricula
666 3666 760 3751 ,majus
774 3671 898 3740 alumno,

179 3757 243 3824 Qui
255 3773 355 3832 sapere
369 3765 398 3811 et
412 3753 465 3866 sqri
474 3754 563 3830 possit
575 3751 807 3828 quassentur-ot
819 3747 868 3806 cui
