2444 4216
342 175 345 182 '
395 189 593 241 crimmum
611 190 676 239 ιιιι.
694 191 720 240 ιι

271 334 374 392 Vultu:
395 335 462 410 quid
476 334 587 392 aeternis
600 335 737 393 minorem

306 413 439 472 Consiliis
453 415 578 471 animum
592 415 712 490 fatigasl

229 491 288 550 Cur
301 512 358 550 non
372 494 425 550 sub
439 494 495 551 alta
510 494 552 550 vel
567 494 679 569 platano
692 493 734 550 vel
750 491 804 550 lule

228 572 303 630 Pinn
315 572 442 647 jacentes
456 573 497 632 siu
511 570 628 644 temere,
643 585 672 629 et
685 573 748 630 rost

268 652 363 708 Canos
377 652 484 709 odorati
499 652 622 726 capillos,

306 730 384 787 Dum
398 731 473 802 licet,
488 730 659 805 Assyriique
670 731 758 788 nardo

231 810 365 867 Putamus
379 811 480 866 unctil
513 810 638 885 Dissipat
651 809 744 866 Evius⁴

212 942 214 948 ,
231 890 322 947 Curas
335 890 448 947 edaces.
481 889 557 951 Quis
571 908 640 965 puer
655 887 736 946 ocids

269 969 442 1045 Restinguet
456 969 579 1026 ardentis
593 968 707 1028 Falerni

309 1048 415 1106 Pocula
427 1060 614 1125 praetereunte
628 1048 760 1126 lymphul

752 1206 782 1231 ..'

488 1362 571 1420 nnn
591 1364 645 1422 rx.
814 1323 885 1463 l}

416 1478 478 1539 ⁴‘An
492 1502 698 1541 mmcnmnnum.
736 1522 739 1529 »

232 1600 327 1659 Noms
339 1601 424 1677 longa
435 1601 501 1658 ferae
515 1602 588 1658 bella
600 1602 630 1659 N
633 1603 775 1675 umantiae‚

232 1680 297 1739 Nee
311 1682 413 1738 durum
428 1679 627 1752 Hannibalem,
642 1702 696 1739 nec
711 1683 839 1740 Siculum
854 1700 930 1740 mare

233 1762 322 1819 Poeno
336 1779 506 1836 purpureum
528 1763 675 1839 sanguine,
690 1763 822 1820 mollibus

390 1840 488 1914 Aptari
503 1841 618 1898 eithara
627 1842 736 1919 ‘modis3

234 1918 299 1977 Neo
312 1938 398 1976 saevos
412 1919 555 1995 Lapithas,
570 1932 599 1977 et
608 1922 728 1977 nimium
740 1939 817 1978 mero

234 1999 382 2074 Hylaeum3
404 1986 559 2056 domitlrsve
575 1998 719 2056 Herculea
733 2018 819 2056 manu

235 2078 359 2137 Telluris
370 2078 498 2154 juvenes,
513 2079 589 2135 unde
602 2078 760 2155 periculum

391 2155 517 2233 Fulgens
531 2158 700 2217 contremuit
714 2159 814 2216 domus

235 2237 350 2294 Saturni
365 2237 473 2294 veteris
508 2237 612 2315 Tuque
626 2239 802 2314 pedestribus

235 2316 322 2374 Dices
336 2316 458 2374 historiis
471 2318 566 2392 proeliu
582 2317 713 2390 Caesaris,

234 2393 389 2470 Maeeenas,
404 2395 514 2468 melius,
530 2398 672 2472 ductaque
686 2416 735 2473 per
749 2397 808 2454 vias

390 2476 505 2551 Regum
521 2476 594 2533 eolla
608 2476 785 2532 minantium.

235 2550 285 2610 Me
299 2553 396 2610 dulees
409 2557 533 2610 dominas
547 2554 631 2608 Musa
645 2553 800 2626 Licymnia

238 2631 357 2702 Cantus,
372 2650 417 2687 me
432 2631 518 2687 voluit
531 2632 627 2687 dinero
640 2628 767 2689 lueidrim

236 2709 391 2785 Fulgentes
405 2709 510 2781 oculos,
525 2722 553 2767 et
568 2709 640 2767 bene
653 2711 760 2768 mutuis

392 2787 495 2846 Fidum
508 2801 609 2866 pectus
623 2791 779 2849 amoribus:

234 2868 331 2931 Quam
345 2887 399 2926 nen
414 2869 485 2927 ferre
498 2872 600 2946 pedem
614 2871 748 2928 dedecuit
761 2868 864 2942 choris,

237 2947 302 3006 Nec
315 2959 422 3006 certare
434 2949 508 3024 joco,
523 2970 578 3006 neu
590 2951 657 3006 dare
671 2949 788 3006 brachia

224 3027 395 3086 Ludentem
409 3029 505 3084 nitidis
520 3028 683 3102 virginibus,
697 3046 778 3084 sacro

393 3107 493 3163 Dianae
507 3107 626 3163 celebris
640 3107 694 3164 die.

235 3185 314 3244 Num
328 3198 369 3258 tn,
382 3205 444 3262 quae
459 3186 549 3243 tenuit
562 3187 639 3243 dives
653 3187 851 3260 Achaemenes,

236 3268 296 3324 Aut
309 3267 423 3343 pinguis
436 3266 565 3343 Phrygiae
580 3265 748 3343 Mygdonias
761 3270 838 3343 opes,

235 3346 399 3405 Permutare
415 3347 573 3406 velis.crine
588 3346 753 3422 Licymniae,

393 3426 495 3485 Plenas
508 3437 557 3484 aut
571 3427 700 3484 Arabum
720 3426 837 3484 domosl

309 3505 357 3565 ,3,
405 3529 407 3534 ,
