2444 4216
381 197 578 250 carminum
594 198 659 262 nm
677 200 699 248 r.

434 422 518 482 ODE
538 425 638 485 XXX.

368 559 553 605 annornm
567 552 717 602 nnuman.
796 584 799 590 -

326 657 372 716 En
386 660 469 716 thure
481 671 511 717 et
523 661 625 719 fidibus
637 662 714 737 jurat

210 739 327 799 Plaoare
348 750 377 795 et
391 739 470 796 vituli
484 740 622 815 sanguine
636 740 730 797 debito

327 816 467 877 Custodes
480 817 614 876 Numidae
629 820 706 889 deos,

210 896 273 960 Qui
286 915 363 956 nuno
378 896 517 973 Hesperia
531 917 627 973 sospes
641 898 677 955 ab
690 896 790 955 ultima

329 975 411 1033 Caris
424 977 512 1038 multa
525 978 675 1049 sodalibus,
798 981 799 985 ’

212 1053 292 1114 Nulli
305 1055 386 1132 plura
398 1057 606 1129 tamen‚dividit
618 1057 725 1128 oscula,

328 1132 428 1197 Quam
442 1135 517 1194 dulei
531 1136 656 1205 Lamiae3
678 1153 785 1192 memor

213 1213 297 1271 Actae
309 1232 367 1270 non
381 1213 436 1270 alio
449 1232 516 1288 rege
529 1215 657 1288 puertiae,

331 1290 505 1364 Mutataeque
519 1291 602 1348 simul
616 1303 697 1366 togae.
779 1296 785 1334 ·'

212 1369 318 1429 Cressia
331 1389 368 1426 ne
382 1380 477 1426 eareat
489 1370 606 1444 pulchra
619 1372 680 1428 dies
695 1370 779 1439 notrl.;

331 1446 397 1504 Neu
410 1460 544 1524 promptae
558 1451 659 1508 modus
673 1450 832 1525 amphorae:

213 1526 282 1585 Neu
295 1546 401 1585 morem
415 1527 443 1583 in
457 1528 566 1586 Saliirm
580 1530 615 1587 sit
629 1531 739 1604 requies
749 1529 870 1605 pedum:

332 1605 399 1664 Neu
413 1607 494 1663 multi
508 1607 635 1665 Damalis
649 1610 719 1666 meri

213 1686 332 1746 Bassum
346 1685 486 1744 Threicia
500 1687 593 1745 vineat
607 1689 760 1762 amystide:

331 1764 398 1821 Neu
412 1765 505 1822 desint
518 1768 608 1842 epulis
621 1787 701 1840 rosa,

214 1843 282 1904 Neu
295 1845 375 1902 vivax
388 1845 492 1921 apium,
507 1865 563 1903 neu
574 1847 658 1904 breve
671 1848 770 1904 lilium.

438 2143 522 2219 oon
537 2161 658 2252 xxxi.
734 2116 736 2123 Α

456 2300 496 2338 no
510 2302 649 2342 sonnnns.
732 2357 734 2360 ι

235 2397 325 2460 Nunc
336 2410 380 2457 est
392 2399 557 2475 bibendum,
571 2421 649 2460 nuno
663 2403 735 2478 pede
748 2403 837 2458 libero

236 2478 379 2537 Pulsanda
392 2481 490 2550 tellus3
511 2500 590 2539 nuno
605 2481 760 2537 Saliaribus

283 2557 394 2614 Ornare
407 2560 535 2632 pulvinar
550 2560 667 2613 deorum

314 2634 443 2709 Tempus
456 2646 516 2691 erat
530 2635 657 2709 dapibus,
672 2634 788 2692 sodales.

237 2713 370 2771 Antehac
384 2714 463 2770 nefas
477 2715 639 2790 depromere
653 2713 808 2772 Caeoubum

237 2793 326 2851 Cellis
340 2791 429 2864 avitis,
444 2793 511 2850 dum
527 2793 666 2870 Capitolio

275 2871 391 2948 Regina
404 2872 549 2930 dementes
563 2873 668 2944 ruinas,

314 2949 415 3008 Funus
427 2963 456 3008 et
467 2953 584 3027 imperio
597 2952 723 3027 parabat,

239 3027 438 3088 Contaminata
452 3049 518 3086 oum
531 3049 617 3105 grege
631 3030 754 3104 turpium

237 3107 339 3168 Morbo
352 3109 483 3179 virorum,
497 3108 634 3182 quidlibet
647 3109 785 3184 impotens

278 3189 408 3265 Sperare,
423 3187 589 3262 fortunaque
604 3188 680 3245 dnloi

315 3267 410 3324 Ebria.
452 3267 510 3324 Sed
523 3268 625 3324 minuit
639 3268 760 3325 furorem
823 3273 827 3276 ’

238 3347 296 3405 Vix
309 3366 367 3403 una
381 3366 477 3422 sospes
490 3347 569 3404 navis
583 3347 618 3403 ab
632 3347 763 3422 ignibus:

240 3424 423 3501 Mentemque
437 3427 607 3503 lymphatam
622 3424 777 3483 Mareotico

277 3504 403 3582 Redegit
416 3507 444 3564 in
460 3526 540 3564 veros
554 3507 668 3562 timores

320 3585 425 3659 Caesar,
439 3586 475 3643 ab
488 3584 572 3644 Italia
587 3585 725 3642 volantem

242 3662 344 3721 Remis
358 3665 509 3741 adurgens,
523 3664 657 3739 accipiter
671 3663 746 3720 velut

241 3741 343 3801 Molles
356 3744 510 3818 columbas,
525 3755 573 3802 aut
586 3744 708 3820 leporem
722 3741 796 3799 situs
