2444 4216
408 237 653 288 mmmm
670 238 736 288 arn.
753 240 775 291 r.
790 242 816 290 a
1041 243 1095 303 ltr

406 444 412 451 ’
467 426 669 521 anisacar
690 461 744 521 vr

492 599 533 638 an
553 572 717 640 nustrcruarss

148 698 222 759 ,Nm
236 698 366 758 mnudi
379 695 469 776 propi
482 717 528 756 tes
541 709 585 756 est
598 717 665 771 una,
679 698 807 775 Numici,

162 779 293 857 Solaque,
307 797 370 855 qun
383 778 472 855 possit
486 777 580 836 lacere
593 788 623 837 et
635 797 747 837 serrare
762 781 886 841 beatum.

162 857 251 917 Hunc
261 858 347 916 solem
360 868 390 915 ct
402 856 496 914 stellas
509 868 538 915 et
550 857 720 916 decedentia
732 859 817 918 certis

161 935 306 1013 Tempora
318 937 469 994 momentis
483 946 549 1011 sunt
561 937 609 1013 qui
624 937 774 996 formidine
788 939 866 997 nulli

163 1015 270 1075 Imbuti
284 1026 428 1092 spectent:
450 1015 518 1091 quid
527 1035 628 1074 censes
642 1036 760 1075 munera
773 1020 874 1076 terrael
1074 1023 1096 1081 5

160 1095 242 1158 Quid
255 1095 340 1153 muris
354 1105 491 1154 extremos
506 1096 615 1153 Arabas
629 1096 744 1154 ditantis
758 1107 786 1155 et
799 1096 907 1156 Indosl

161 1173 287 1234 Ludiora
296 1174 376 1250 q'uid,
390 1173 515 1250 plausus,
529 1185 558 1231 et
572 1175 656 1231 amici
670 1176 745 1233 dona
757 1176 899 1239 Quiritisl
942 1177 945 1185 “

160 1253 230 1316 Quo
244 1254 399 1330 spectanda
413 1253 505 1324 modo,
519 1272 574 1328 quo
588 1271 673 1310 sensu
687 1255 781 1312 credis
794 1266 823 1313 et
835 1257 904 1314 orel

160 1331 223 1394 Qui
236 1334 317 1390 timet
331 1332 375 1389 his
388 1332 514 1404 adversa,
529 1330 588 1389 ferri
603 1331 719 1391 miratur
731 1335 841 1407 codem,

160 1411 230 1474 Quo
243 1411 370 1486 cupiens,
383 1420 483 1486 pacto:
503 1429 588 1487 pavor
601 1423 644 1469 est
657 1413 804 1491 utrobique
814 1415 963 1473 molestus:
1057 1417 1095 1474 10

161 1489 319 1567 improvisa
331 1489 414 1547 simul
428 1491 538 1566 species
551 1502 673 1549 exterret
683 1503 839 1569 utrumque.

160 1569 301 1641 Gaudeat,
315 1587 352 1626 an
365 1568 473 1640 doleat3
493 1570 598 1646 cupiat,
614 1582 774 1643 metuatne3
794 1573 861 1648 quid
875 1574 911 1632 ad
925 1588 994 1647 rem,

161 1649 204 1721 si,
217 1648 352 1725 quidquid
366 1648 434 1707 vidit
447 1649 548 1706 melius
558 1650 671 1725 pejusve
685 1652 736 1708 sui
750 1670 809 1728 spe,
849 1644 852 1661 ¹

160 1727 269 1785 Defixis
281 1727 372 1786 oculis
385 1727 533 1804 animoque
547 1740 576 1787 et
589 1746 704 1807 corpore
718 1733 828 1806 torpeti

160 1805 260 1867 Insani
273 1808 386 1884 sapiens
399 1826 503 1868 nomen
518 1808 597 1882 serat,
612 1828 707 1884 equus
721 1809 820 1885 iniqui,
1057 1813 1095 1871 15

160 1885 241 1946 Ultrl
253 1884 338 1963 quim
352 1883 420 1944 satis
433 1897 476 1944 est
491 1887 620 1946 virtutem
634 1889 658 1960 si
672 1901 749 1964 petat
762 1890 859 1964 ipsam.

199 1965 215 2022 I
229 1984 316 2040 nunc,
330 1976 489 2043 argeutum,
503 1978 533 2024 et
545 1987 665 2026 marmor
681 1980 769 2039 vetus,
784 1979 947 2043 aeraque‚,et
959 1970 1034 2027 artes

160 2045 296 2122 Suspice3
317 2065 383 2103 cum
397 2046 517 2122 gemmis
531 2045 634 2121 Tyrios
648 2047 750 2103 mirare
764 2047 889 2104 colores:

159 2124 260 2183 Gaude
272 2122 348 2201 quod
362 2135 491 2201 spectant
503 2124 578 2183 oculi
591 2135 619 2182 te
632 2125 710 2185 mille
721 2125 899 2201 loquentem:

158 2203 273 2262 Gnarus
286 2200 371 2262 mene
387 2204 478 2261 sorum
492 2214 521 2263 et
534 2205 707 2280 vespertinus
720 2217 784 2288 pete
797 2217 922 2277 tectum3
969 2248 973 2254 ,
1053 2207 1093 2266 2⁰

158 2282 188 2339 N
190 2301 206 2340 e
219 2283 283 2359 plus
297 2284 428 2341 frumenti
442 2283 582 2342 dotalibus
594 2296 698 2343 emetat
711 2285 786 2361 agris

158 2360 257 2421 Mutus
269 2383 275 2432 ;
296 2373 334 2436 et,
346 2361 505 2440 indignum,
519 2362 646 2440 qudd'sit
657 2363 798 2441 pejoribus
811 2375 898 2436 crtus,

159 2439 219 2498 Hic
232 2440 284 2498 tibi
297 2442 333 2499 sit
346 2441 439 2518 potiris
451 2442 538 2519 quim
552 2455 582 2501 tu
596 2443 732 2500 mirabilis
746 2443 793 2499 illi.
841 2510 843 2517 Ι

157 2519 308 2595 Quidquid
322 2522 528 2592 subtendent,
543 2521 572 2577 in
587 2521 712 2595 apricum
726 2520 847 2599 proferet
861 2531 946 2591 etas3
969 2566 971 2573 Α

158 2598 292 2656 Delodiet
302 2599 460 2672 condetque
473 2599 600 2656 nitentia.
640 2598 740 2659 Quum
755 2600 826 2659 bene
836 2611 937 2665 ,notum

158 2676 289 2736 Porticus
302 2676 435 2752 Agrippae
448 2678 535 2740 etvia
547 2691 575 2734 te
589 2679 765 2755 conspexerit
778 2677 865 2756 Appi,

158 2756 205 2815 Ire
218 2767 314 2814 tamen
328 2766 415 2814 restat
428 2753 526 2814 Numa
539 2753 595 2833 qud
610 2756 722 2815 devenit
736 2768 765 2816 et
775 2758 883 2817 Aucus.

158 2836 191 2894 Si
204 2836 278 2894 latus
291 2847 340 2894 aut
353 2855 435 2893 renes
450 2836 546 2894 morbo
555 2847 700 2895 tentantur
714 2849 807 2911 acuto,

157 2915 264 2978 Quare
279 2915 375 2992 sugam
388 2915 485 2973 morbi.
527 2915 578 2974 Vis
592 2913 669 2974 recte
683 2916 794 2975 vireret
814 2917 877 2992 quis
889 2919 966 2976 noui

159 2995 191 3053 Si
206 2995 294 3053 virtus
308 2996 362 3053 hoo
373 3012 431 3052 una
442 3005 535 3070 potest
548 2995 625 3067 dare,
640 2994 716 3052 fortis
727 2990 839 3052 omissis

158 3073 225 3133 Hoc
238 3093 290 3151 age
304 3073 421 3134 deliciis.
462 3073 604 3131 Virtutem
617 3073 701 3131 verba
712 3083 803 3151 putes,
818 3084 850 3132 ut

159 3152 269 3212 Lucum
283 3153 381 3232 ligna?
402 3172 471 3210 cave
485 3171 522 3210 ne
535 3164 632 3229 portus
642 3164 763 3231 occupat
776 3152 857 3227 alter,

159 3231 206 3291 Ns
220 3233 391 3311 Cibyratica,
404 3252 442 3290 ne
456 3231 579 3307 Bithyna
592 3231 705 3308 negotia
717 3233 826 3312 perdas.
883 3288 884 3293 ,

159 3310 239 3371 Mille
253 3314 358 3372 talenta
371 3313 568 3384 mundentur,
582 3311 699 3369 totidem¹
712 3311 799 3371 altera
807 3332 815 3382 ;
835 3311 918 3389 pcrrd
932 3325 962 3374 et

158 3391 259 3451 Tertia
268 3393 432 3465 succedunt,
446 3403 475 3448 et
486 3409 550 3467 qua
562 3409 626 3467 pars
638 3392 755 3466 quadret
768 3410 908 3451 acervum.

159 3471 276 3530 Scilicet
289 3489 405 3530 uxorem
419 3489 485 3527 cum
499 3471 573 3542 dote,
587 3469 737 3546 fidemque,
751 3480 780 3527 et
793 3471 909 3543 amicos,

158 3549 196 3608 Et
210 3570 310 3627 genus,
324 3560 353 3608 et
366 3549 493 3622 formarit,
506 3550 609 3628 regina
617 3549 740 3626 pecunia
753 3544 852 3614 donst:

158 3630 205 3688 Ac
219 3631 292 3688 benc
305 3639 482 3687 nummatum
494 3630 609 3688 decorat
623 3626 746 3685 Suadela
758 3626 921 3703 Venusque.

159 3706 312 3786 Mancipiis
325 3706 450 3782 locuples
463 3718 528 3784 eget
541 3707 604 3765 uris
617 3703 819 3782 Cappadocum
832 3724 898 3765 rex:

147 3787 207 3848 -Νο
220 3787 306 3848 fucris
318 3787 366 3846 hic
376 3796 416 3844 tu.
455 3784 627 3861 chlamydes
640 3781 786 3859 Lucullus,
800 3783 936 3858 utaiunt,
