2444 4216
431 216 569 266 EPODON
586 216 697 267 LIBER.

228 359 344 421 Unxdre
357 373 460 420 matres
473 360 535 420 Ille
548 355 694 421 addictum
709 363 775 423 feris
980 422 983 431 ,

227 442 351 500 Alitibus
364 452 447 518 atque
458 442 578 500 canibus
590 443 763 501 homicidam
778 443 942 518 Hectorem,

229 521 380 597 Postquam
393 522 500 579 relictis
514 522 655 580 moenibus
668 542 718 581 rer
737 524 869 600 procidit,

227 600 309 658 Heu!
330 601 503 696 pervicacis
500 602 535 658 ad
549 601 636 676 pedes
650 603 784 662 Achillei.

227 682 328 738 Setosa
340 681 418 737 duris
432 676 538 738 exuere
551 680 672 754 pellibus
767 700 769 705 ’

226 759 371 825 Laboriosi
386 760 506 836 remiges
520 760 643 834 Ulyssei,

225 838 345 897 Volente
359 839 453 911 Circe,
468 839 609 909 membra;
630 849 700 896 tunc
710 858 802 914 mens
816 852 846 899 et
858 861 943 901 sonus

225 918 377 996 Relapsus
388 929 471 995 atque
487 929 569 978 notus
583 920 612 976 in
626 919 718 976 vultus
732 921 828 978 honor.

226 998 302 1057 Dedi
314 995 382 1056 satis
395 996 536 1097 superque
552 1017 699 1076 poenarurn
713 1000 773 1072 tibi,

226 1080 331 1136 Arriata
343 1078 436 1136 nautis
450 1077 571 1136 multum
585 1089 614 1137 et
628 1047 809 1136 institoribus.

226 1157 334 1235 Fugit
324 1168 463 1234 juventus,
477 1170 506 1216 et
519 1159 698 1216 verecundus
711 1159 787 1216 color

225 1236 353 1312 Reliquit
367 1256 431 1294 ossa
443 1236 517 1311 pelle
531 1238 635 1294 amicta
648 1237 740 1294 lurida
752 1258 759 1306 ;

225 1318 299 1376 Tuls
313 1316 430 1391 capillus
444 1315 524 1371 albus
537 1327 581 1374 est
592 1315 733 1373 odoribus.

225 1396 344 1455 Nullum
358 1413 375 1451 a
388 1394 483 1452 labore
497 1413 543 1452 me
556 1395 675 1454 reclinat
687 1396 793 1454 otium:
862 1419 864 1423 ’

225 1476 314 1552 Urget
328 1475 404 1532 diem
417 1487 483 1546 nox,
497 1485 526 1532 et
539 1476 599 1533 dies
613 1486 726 1533 noctem
733 1496 740 1546 ;
761 1493 854 1550 neque
865 1487 909 1533 est

226 1556 332 1613 Levare
346 1564 424 1612 tenta
437 1554 536 1630 spiritu
548 1556 711 1631 precordia.
751 1570 754 1574 ’

227 1635 303 1710 Ergo
317 1645 451 1710 negatum
465 1634 562 1692 vincor
576 1645 607 1692 ut
620 1635 735 1692 credam
748 1633 842 1706 miser,

226 1714 339 1772 Sabella
351 1725 450 1790 pectus
464 1713 611 1790 increpare
624 1715 759 1788 carmina,
883 1723 885 1727 ’

225 1794 372 1870 Caputque
386 1792 483 1850 Marsi
497 1793 617 1868 dissilire
631 1795 733 1852 naenid.

224 1873 304 1935 Quid
319 1871 476 1971 amplius
451 1874 513 1930 vrsl
540 1873 569 1931 Ο
583 1893 659 1931 mare
670 1885 699 1931 et
709 1875 795 1931 terra!
818 1851 911 1943 ardeo,

225 1950 374 2013 Quantum
389 1969 481 2026 neque
495 1963 555 2009 atro
569 1953 711 2009 delibutus
725 1951 866 2008 Hercules

225 2031 311 2089 Nessi
322 2049 430 2103 cruore,
445 2049 499 2087 nec
514 2030 619 2087 Sicanis
633 2031 740 2087 fervida

224 2109 338 2168 Ureus
330 2130 360 2168 ιιι
375 2111 464 2167 AEtnd
479 2108 598 2166 flamma.
630 2108 883 2183 Tu‚donecc1nis

225 2189 269 2267 Inj
272 2190 372 2247 uriosis
386 2190 481 2246 aridus
494 2189 585 2247 ventis
584 2188 680 2263 ferar

225 2212 332 2328 Cales
323 2269 439 2326 venenis
451 2268 566 2342 officina
579 2236 731 2328 Colchicis

224 2349 301 2411 Quae
314 2348 399 2407 finisl
419 2359 468 2406 aut
480 2350 555 2424 quod
569 2366 615 2406 me
629 2359 724 2407 manet
737 2347 909 2424 strpondiurn
920 2347 932 2402 l

225 2428 336 2486 Effare:
355 2429 448 2505 jussas
461 2448 527 2486 curn
541 2429 597 2484 fide
610 2447 708 2504 poenas
722 2429 807 2497 luam,

224 2507 342 2565 Paratus
355 2509 477 2596 expiare,
492 2525 542 2563 seu
553 2507 713 2581 poposceris

225 2585 369 2643 Centum'
360 2605 505 2674 juvencos,
519 2583 577 2640 sive
591 2584 722 2641 mendaci
732 2584 793 2660 lyris

224 2664 311 2723 Voles
325 2664 434 2731 sonari;
455 2674 486 2718 tu
499 2662 612 2737 pudica,
626 2673 656 2718 ιιι
670 2664 765 2739 proba,

224 2742 436 2801 Perambulabis
449 2752 523 2799 astra
536 2742 614 2798 sidus
628 2761 753 2801 aureum.

224 2822 343 2880 Infamis
357 2818 477 2878 Helene
491 2822 592 2879 Castor
605 2822 729 2879 offensus
739 2823 810 2894 vice,

224 2901 381 2977 Fraterque
394 2902 490 2977 magni
504 2901 638 2973 Castoris,
653 2902 719 2958 victi
732 2921 826 2977 prece,

224 2983 367 3057 Adempta
380 2982 435 3037 vati
449 2979 599 3038 reddidere
613 2981 728 3037 lumina.

224 3061 261 3119 Et
274 3073 314 3133 tu,
328 3072 409 3138 potes
419 3079 495 3131 narn,
510 3059 586 3116 solve
600 3078 646 3116 me
660 3060 812 3132 dementiri,

224 3139 252 3197 0
266 3160 321 3199 nec
331 3140 455 3217 paternis
469 3138 594 3197 obsoleta
607 3139 745 3212 sordibus,

222 3220 287 3279 Nec
302 3221 331 3278 in
346 3219 482 3295 sepulcris
495 3234 649 3294 pauperum
663 3220 787 3295 prudens
800 3239 871 3279 auus

224 3298 414 3358 Nouendiales
429 3299 565 3376 dissipare
578 3299 714 3374 pulveres

222 3378 291 3437 Tibi
304 3380 440 3456 hospitale
453 3389 553 3456 pectus
566 3389 595 3436 et
606 3398 684 3455 purae
697 3398 807 3437 manus.

497 3529 617 3564 saumis.

220 3616 302 3680 Quid
315 3618 449 3691 obseratis
462 3619 576 3676 auribus
590 3616 684 3674 fundis
697 3618 814 3690 preces?

223 3696 292 3754 Non
306 3714 373 3752 saxu
384 3698 468 3755 nudis
482 3697 609 3754 surdiora
623 3695 724 3751 navitis

223 3775 375 3854 Neptunus
388 3775 444 3834 ulto
457 3776 552 3834 tundit
564 3775 699 3841 hibernus
712 3774 780 3832 salo.
