2444 4216
396 220 598 271 SATIRARUM
616 221 680 270 LlB.
698 222 718 270 l.
737 223 774 271 1⁰.

131 366 207 426 'l'arn
220 366 331 443 nigrum
344 384 457 423 surrexe
470 365 556 423 mihil
578 365 649 455 fugit
662 364 814 442 improbus,
828 384 862 425 ac
875 385 921 426 me

131 447 192 504 Sub
205 447 294 504 cultro
306 445 431 520 linquitl'
466 446 543 503 Casu
555 445 632 501 venit
645 445 742 501 obvius
755 444 795 502 illi
875 455 878 462 ’

131 525 333 583 Adversarius:
354 535 391 598 et,
413 522 512 586 “Qud
526 535 557 580 tu
560 523 773 659 ,turpissimel'
776 523 914 622 'magud
1030 527 1068 583 75

129 604 277 662 Exclamat
290 623 375 673 voce;
396 608 463 676 et,‘
466 603 570 659 ‘Licet
584 603 753 659 antestaril”
776 602 838 693 Ego
851 599 917 661 verd

130 682 251 760 Oppono
264 649 435 746 auriculam:
457 682 529 756 rapit
542 682 571 738 in
583 681 645 756 jus:
665 681 770 739 clamor
784 683 929 758 utrinque;

130 762 260 838 Undique
273 781 436 821 concursus.
470 762 520 818 Sic
536 779 581 816 me
595 760 714 816 servavit
726 760 837 836 Apollo.
878 831 879 834 Ἰ

473 1119 630 1185 SATIRA
651 1118 689 1175 X.

129 1237 263 1296 Nmrrn
255 1237 440 1313 incomposito
453 1237 511 1293 dixi
526 1239 597 1313 pede
611 1258 724 1298 currere
739 1259 835 1298 versus

130 1311 232 1375 Lucili.
265 1317 341 1378 Quis
355 1328 412 1373 tam
426 1315 520 1372 Lucili
535 1317 645 1375 fautor
638 1339 684 1375 me
704 1317 733 1376 td
747 1330 799 1392 est,

129 1396 168 1454 Ut
180 1415 238 1454 non
249 1396 302 1452 hoc
317 1395 455 1451 fateatur?
489 1397 529 1452 At
543 1397 627 1470 idem,
642 1400 717 1473 quod
733 1399 791 1457 sale
805 1397 893 1457 multo

128 1475 235 1533 Urbem
249 1473 388 1545 defricuit,
403 1474 501 1531 charta
511 1419 660 1534 laudaturq
657 1477 766 1535 eadem.

128 1552 194 1611 Nec
205 1564 299 1610 tamen
314 1554 367 1610 hoc
378 1553 503 1610 tribuens
514 1555 639 1612 dederim
653 1576 762 1633 quoque
776 1566 894 1614 catera:
914 1572 980 1614 uam
994 1574 1035 1614 src
1047 1557 1067 1613 5

107 1626 166 1690 'Et
179 1630 283 1689 Laberi
298 1632 406 1705 mimos,
422 1645 453 1690 ut
463 1634 582 1708 pulchra
592 1639 731 1726 poemata,
746 1637 837 1694 mirer.

129 1711 205 1788 Eugo
218 1730 275 1769 nou
290 1709 358 1768 satis
372 1680 415 1768 esl
424 1712 484 1770 risu
501 1713 635 1772 diducere
649 1715 751 1773 rictum

128 1791 290 1849 Auditoris:
312 1801 341 1847 et
354 1801 397 1848 est
409 1793 538 1866 quaedam
550 1804 645 1851 tamen
660 1794 708 1851 hic
721 1813 830 1870 quoque
844 1795 938 1851 virtus.

127 1870 181 1928 Est
194 1870 311 1927 brevitat
300 1881 327 1927 te
340 1889 419 1945 opus,
434 1882 465 1928 ut
479 1885 573 1930 currat
587 1875 735 1944 sententia,
750 1893 807 1930 neu
821 1892 851 1929 se

128 1948 267 2024 Impediat
280 1949 371 2007 verbis
385 1950 472 2007 lassas
484 1952 668 2009 onerantibus
682 1971 773 2008 aures.
836 1965 843 1979 ⁸
1009 1948 1068 2006 '10

127 2027 166 2085 Et
179 2048 305 2085 sermone
319 2048 389 2118 opus
402 2043 445 2086 est
458 2028 542 2087 modd
557 2031 627 2088 tristi
631 2046 727 2106 ,saepe
739 2033 846 2123 jocpso,

128 2106 344 2166 Defendeute
320 2126 410 2164 v1cem
425 2106 509 2165 modd
524 2110 586 2165 rhet
576 2110 642 2166 toris
656 2121 738 2184 atque
751 2111 852 2186 ροὲιιε,

128 2185 275 2244 Interdum
289 2186 389 2243 urbani
392 2188 554 2262 ,parcentis
568 2188 672 2244 viribus
675 2200 780 2264 ,atque

126 2264 313 2322 Extenuautis
327 2284 374 2321 eas
388 2263 525 2323 consulto.
561 2235 727 2324 Ridiculum
742 2267 800 2324 acri

126 2340 241 2401 Fortiirs
254 2355 282 2400 et
294 2342 397 2400 melius
410 2362 526 2420 magnas
540 2341 704 2420 plerumque
718 2356 796 2402 secat
810 2364 862 2402 res.
1031 2345 1067 2402 1⁵

126 2421 184 2493 Illi,
199 2423 301 2497 scripta
315 2422 417 2497 quibus
431 2424 570 2480 comoedia
583 2424 675 2498 prisca
689 2425 754 2480 viris
768 2432 820 2494 est,

125 2501 192 2562 Hoc
206 2500 324 2571 stabant,
340 2501 394 2556 hoc
404 2512 469 2557 sunt
483 2502 626 2570 imitandi3
647 2521 716 2590 quos
729 2519 821 2575 neque
834 2500 949 2575 pulcher

125 2546 324 2652 Hermogenes
336 2597 459 2651 unquam
473 2579 549 2652 legit,
564 2598 655 2652 neque
669 2579 767 2634 simius
778 2580 841 2651 iste,
984 2645 987 2651 ¹

125 2658 176 2716 Nil
191 2666 290 2732 praeter
304 2655 422 2711 Calvum
436 2666 465 2712 e
454 2657 577 2713 tdoctus
591 2668 704 2714 cantare
719 2625 870 2715 Catulluin.
871 2690 911 2702 -

125 2738 167 2794 At
181 2753 317 2810 magnum
331 2734 399 2791 lecit
401 2731 497 2809 ‚qudd
512 2736 602 2791 verbis
616 2736 716 2794 Graeca
730 2736 840 2794 Latinis
1027 2737 1067 2795 2⁰

126 2814 252 2872 Miscuit.
254 2813 322 2869 -Ο
335 2833 389 2870 serr
383 2813 571 2871 studiorum!
593 2815 679 2890 quine
693 2816 797 2892 putetis
1042 2816 1044 2823 ’

126 2894 292 2951 Difficileet
304 2893 417 2964 mirum,
432 2892 545 2951 Rh'odio
559 2895 634 2969 quod
648 2895 819 2952 Pitholeonti

78 2966 84 2978 '
127 2973 253 3049 Contigit
260 2972 352 3028 t-At
364 2990 456 3029 sermo
469 2972 568 3048 lingua
581 2974 740 3030 concinnus
754 2975 871 3049 utraque

47 3119 56 3135 Ι
127 3053 254 3123 Suavior,
270 3062 300 3107 ut
314 3050 387 3108 Chio
401 3063 468 3108 nota
482 3051 504 3108 si
519 3053 671 3109 commixta
684 3051 799 3109 Falerni
812 3061 862 3109 est.

47 3167 49 3171 ,
126 3131 225 3192 Quum
240 3149 334 3187 versus
346 3131 442 3201 facias,
456 3142 484 3187 te
499 3131 590 3205 ipsum
603 3142 762 3205 percontor,
774 3150 810 3189 an
821 3141 849 3204 et
862 3148 948 3206 quum
1026 3131 1066 3190 25

126 3209 206 3266 Dura
219 3209 269 3267 tibi
282 3210 443 3299 peragenda
456 3210 496 3266 rei
511 3209 547 3266 sit
560 3228 647 3266 causa
660 3208 764 3282 Petilli,

127 3289 245 3346 Scilicet
257 3289 359 3346 oblitus
373 3289 525 3364 patriaeque
539 3287 679 3364 patrisque
694 3257 799 3362 Latini,

126 3367 226 3428 Quum
239 3366 344 3424 Pedius
358 3386 457 3424 causas
470 3369 588 3425 exsudet
601 3366 753 3459 Poplicola,
768 3380 850 3444 atque

126 3445 265 3504 Corvinus
268 3447 384 3521 ,patriis
397 3447 589 3504 intermiscere
608 3449 695 3523 petita

126 3525 223 3582 Verba
236 3525 301 3582 soris
315 3525 405 3596 malin,
416 3526 554 3584 Canusini
569 3546 646 3584 more
660 3527 812 3602 bilinguisl
1027 3520 1066 3580 30

127 3602 216 3679 Atqui
235 3622 288 3678 ego
312 3621 396 3678 quum
410 3605 525 3663 Graecos
536 3606 667 3675 lacerem,
682 3615 764 3661 natus
777 3615 854 3663 mare
868 3602 947 3674 citra,

127 3682 300 3754 Versiculos,
315 3683 402 3738 vetuit
415 3701 460 3740 me
474 3685 522 3741 tali
536 3703 605 3743 voce
619 3683 771 3756 Quirinus,

127 3760 195 3820 Post
205 3761 327 3818 mediam
341 3770 454 3818 noctem
466 3763 552 3836 visus,
563 3780 650 3837 quum
663 3761 773 3820 somnis
785 3777 850 3819 vera
862 3779 868 3817 :
