2444 4216
143 205 200 262 150
465 201 496 259 o.
513 168 657 253 uomrrr
673 198 796 249 saaccr

181 344 290 416 Gratis,
303 344 387 416 laura,
401 342 532 401 valetudo
545 343 690 420 contingat
704 339 829 414 abunde,

183 421 221 480 Et
233 424 360 481 mundus
373 422 474 492 rictus,
488 440 547 479 non
561 422 711 481 deliciante
725 419 883 479 crumenil

220 500 299 559 luter
313 519 391 578 spem
404 517 567 575 curamque,
581 500 696 559 timores
707 501 780 558 inter
792 509 822 557 et
836 499 902 573 iras,

180 578 308 638 Omnem
321 579 406 637 crede
417 579 495 636 diem
509 578 560 636 tibi
573 579 708 638 diluxisse
723 595 901 653 supremum:

181 659 268 716 Grata
281 657 468 734 superveniet,
480 674 543 732 que
556 676 614 715 uon
628 657 792 734 sperabitur,
806 657 882 713 hora.
984 696 987 702 -

220 735 270 795 Me
284 736 419 814 pinguem
431 746 461 793 et
473 735 594 794 nitidum
608 737 680 794 bene
694 735 792 793 curaui
806 744 871 792 oute
884 735 970 810 vises,
1050 764 1052 769 ¹
1082 739 1118 796 15

180 814 281 877 Quum
295 816 386 874 ridere
399 814 486 888 voles,
500 811 617 891 Epicuri
631 817 667 875 de
682 832 768 891 grege
781 832 907 891 porcum.

500 1124 701 1186 EPISTOLA
721 1129 757 1187 V.

501 1239 541 1306 au
561 1233 755 1316 rosconmon.
811 1280 814 1288 =

182 1369 215 1427 Sr
227 1367 470 1447 potesArohiacis
483 1366 601 1424 conviva
613 1368 777 1426 recumbere
790 1368 882 1443 lectis,
953 1407 957 1416 ·

181 1447 246 1505 Nec
259 1447 371 1506 modicd
385 1451 498 1504 coenare
511 1446 594 1506 times
607 1445 668 1503 olus
681 1465 766 1505 omne
778 1449 892 1523 patelld,

181 1527 320 1602 Supremo
333 1537 361 1583 te
375 1525 432 1583 sole
446 1525 531 1598 domi,
546 1522 700 1600 Torquate,
715 1527 845 1589 manebo.
859 1552 861 1556 ’

179 1605 256 1663 Vina
269 1605 349 1662 bibes
361 1605 462 1662 iterum
477 1603 575 1663 Tauro
587 1601 698 1677 diffusa,
711 1605 850 1680 palustres

180 1682 259 1742 Inter
272 1681 434 1741 Minturnas
448 1683 708 1760 Sinuessanumque
723 1682 878 1743 Petrinum.
931 1726 935 1731 ³
1095 1689 1115 1746 5

180 1763 232 1821 Sin
246 1762 346 1821 melius
359 1762 426 1838 quid
441 1762 538 1833 habes,
553 1776 673 1835 arcesse,
688 1763 731 1820 vel
745 1762 893 1839 imperium
907 1763 957 1822 fer.

179 1840 197 1900 J
199 1841 353 1900 smdudum
367 1841 496 1918 splendet
508 1840 598 1914 locus,
611 1853 640 1901 et
652 1842 703 1900 tibi
717 1844 824 1900 munda
837 1842 972 1919 supellex„

179 1920 263 1980 Mitte
276 1921 352 1981 leves
364 1940 438 1998 spes,
452 1931 481 1979 et
490 1922 648 1997 ,conamina
661 1920 830 1994 divitiarum,

178 2000 216 2058 Et
229 1999 342 2058 Moschi
356 2019 487 2063 causam:
508 2019 571 2072 cras
583 2012 650 2060 nato
660 2000 772 2058 Cesare
788 2000 873 2058 festus
887 2050 894 2063 ,

178 2078 236 2136 Dat
249 2080 360 2137 veniam
373 2079 560 2156 somnumque
574 2081 650 2151 dies3
672 2075 787 2156 impune
800 2079 899 2141 licebit
1077 2083 1114 2141 10

178 2157 317 2215 AEstivam
331 2176 460 2219 sermone
474 2159 598 2234 benigno
611 2160 729 2218 tendere
742 2169 864 2217 noctem.
912 2195 919 2209 ι

176 2235 246 2298 Quo
260 2235 339 2309 milri,
354 2236 466 2294 fortuni
479 2236 503 2292 si
516 2256 574 2294 non
587 2237 753 2295 conceditur
766 2238 827 2295 urit

177 2315 284 2373 Parcus
296 2315 334 2374 ob
347 2315 467 2373 heredis
480 2332 576 2386 curam
587 2315 763 2391 nimiumque
777 2335 890 2374 severus

179 2393 295 2452 Assidet
308 2395 416 2453 insano.
456 2391 557 2452 Potare
570 2404 599 2453 et
612 2413 742 2470 spargere
757 2393 839 2452 flores

178 2472 328 2549 Incipiam,
341 2473 486 2551 patiarque
498 2473 542 2531 rel
556 2472 732 2532 inconsultus
746 2473 852 2531 haberi.
1076 2477 1113 2534 15

177 2552 259 2615 Quid
273 2572 331 2611 non
345 2552 465 2611 ebrietas
478 2553 629 2630 designatl
648 2564 746 2629 operta
758 2552 895 2623 recludit3

179 2633 251 2707 Spes
262 2631 342 2708 jubet
355 2651 417 2690 esse
430 2643 517 2703 ratas;
539 2632 569 2690 in
582 2632 679 2709 proelia
691 2631 780 2690 trudit
793 2632 928 2702 inertem;

178 2709 313 2772 Sollicitis
328 2711 429 2768 animis
442 2728 514 2768 onus
527 2711 641 2782 eximit3
662 2711 783 2774 addocet
797 2723 878 2769 artes.

178 2788 319 2847 Foecundi
334 2788 437 2848 calices
450 2808 533 2864 quem
548 2803 605 2847 non
620 2788 714 2847 fecere
728 2790 885 2846 disertuml

178 2867 333 2927 Contracta
345 2887 430 2945 quem
444 2887 502 2926 non
517 2868 547 2926 in
557 2879 722 2945 paupertate
734 2868 876 2926 solutuml
1068 2869 1109 2926 20

215 2946 289 3005 Heo
302 2967 355 3024 ego
367 2967 517 3025 procurare
530 2958 559 3006 et
568 2941 691 3019 ¹idoneus
704 2948 834 3023 imperor,
848 2958 876 3005 et
889 2966 947 3007 non

177 3022 302 3095 Invitus3
323 3046 360 3087 ne
374 3040 455 3104 turpe
468 3028 548 3100 toral,
561 3036 599 3085 ne
612 3027 725 3086 sordida
737 3044 839 3103 mappa

177 3102 317 3179 corruget
329 3125 429 3176 nares;
450 3127 487 3165 ns
501 3126 559 3165 non
572 3117 602 3165 et
614 3108 767 3167 cantharus
780 3117 809 3164 et
821 3106 888 3164 lanx

176 3180 317 3240 Ostendat
332 3183 383 3243 tibi
396 3195 440 3254 te;
461 3204 498 3243 ne
512 3185 583 3243 lidos
596 3187 669 3245 inter
683 3187 789 3245 amieos

178 3261 222 3319 Sit
233 3259 282 3336 qui
296 3261 372 3319 diota
386 3262 458 3321 foras
471 3261 613 3332 eliminet3
634 3277 666 3323 ut
678 3269 762 3325 coeat
774 3283 825 3340 par

178 3339 373 3416 Jungaturque
386 3339 455 3416 pari.
496 3339 613 3398 Butram
627 3343 678 3401 tibi
693 3343 915 3420 Septiciumque,

177 3417 216 3478 Et
229 3420 284 3477 nisi
297 3437 379 3478 crana
391 3419 476 3495 prior,
490 3417 579 3495 potior
593 3423 720 3494 conviva,
734 3421 874 3481 Sabinum
973 3481 975 3489 ,

178 3499 304 3572 Detinet,
318 3516 476 3557 maumam:
497 3499 576 3557 locus
585 3510 632 3557 ,est
644 3514 673 3557 et
685 3499 813 3574 pluribus
826 3503 950 3573 umbem
968 3538 971 3544 .

179 3579 238 3636 Sed
251 3578 336 3637 nimis
349 3588 427 3637 mota
439 3588 571 3655 premunt
581 3577 664 3637 olida
678 3578 807 3638 convivia
819 3599 921 3658 caprae.

217 3655 277 3729 Τιι,
290 3668 392 3733 quotus
405 3675 468 3715 esse
481 3657 559 3732 velis,
572 3656 696 3717 rescribe
703 3677 711 3728 3
732 3668 770 3731 et,
784 3659 868 3719 rebus
881 3660 1002 3736 omissia
1072 3660 1112 3719 8⁰

178 3734 261 3794 Atria
273 3746 430 3797 sanantem
441 3735 551 3814 postico
563 3735 627 3797 mle
640 3736 782 3798 clientem.
