2444 4216
134 204 177 266 Μ
461 205 492 262 Q„
510 200 655 254 nons'rn
669 200 792 262 mccl

178 346 332 425 Sisyphus:
352 347 430 405 hunc
442 347 560 418 Varum,
572 346 695 404 distortis
708 345 836 402 cruribus
847 364 854 416 ;
875 345 953 404 illum

140 489 143 495 ,
180 426 306 485 Balbutit
319 427 468 498 Scaurum,
480 423 573 500 pravis
587 423 688 482 fultum
701 421 776 482 male
789 423 862 481 talis.

148 520 151 525 ·
178 503 296 564 Parciirs
309 504 357 562 hic
369 503 453 562 vivitl
539 502 545 515 '
561 502 687 561 dicatur:
702 503 820 579 ineptus
902 506 908 539 ¹

178 581 217 642 Et
226 583 374 661 jactantior
387 582 435 641 hic
448 580 533 659 paulo
547 582 609 639 estl
629 581 787 640 concinnus
800 581 899 639 amicis

178 662 303 721 Postulat
315 671 347 719 ut
360 660 486 718 videatur
498 681 504 718 :
525 671 555 718 at
566 673 610 717 est
621 660 815 732 truculentior,
829 671 911 736 atquo

179 739 247 799 Plirs
261 759 340 815 equo
353 739 442 797 liberl
461 739 580 816 simplex
593 738 726 814 fortisque
738 739 881 796 habeatur.

178 819 293 877 Caldior
306 819 371 877 estl
391 836 471 876 acres
484 819 556 877 inter
569 828 748 876 numeretur:
768 818 877 894 opinor,

179 898 252 956 Haec
265 917 310 956 res
323 907 352 955 et
362 896 465 974 jungit,
476 897 590 973 junctos
603 907 632 954 et
644 907 736 964 servat
750 897 862 956 amicos.

179 978 220 1034 At
233 997 284 1034 nos
298 977 413 1035 virtutes
423 977 498 1053 ipsas
511 976 683 1048 invertimus,
696 986 781 1052 'atque

179 1056 329 1113 Sincerum
342 1055 472 1132 cupimus
486 1074 534 1112 vas
547 1055 712 1112 incrustare.
746 1055 854 1113 Probus
867 1055 930 1130 quis

177 1133 337 1193 Nobiscum
350 1134 432 1205 vivit3
453 1129 573 1192 multum
587 1144 630 1192 est
643 1134 781 1192 demissus
794 1135 893 1204 borno:
914 1134 954 1192 illi

178 1213 276 1272 Tardo
289 1232 447 1290 cognomen
459 1212 559 1290 pingui
573 1213 673 1270 damus
681 1232 691 1270 :·
709 1214 757 1271 hic
770 1213 842 1290 fugit
854 1231 952 1271 omnes

178 1291 309 1367 Insidias,
323 1292 448 1369 nullique
461 1293 535 1352 malo
547 1292 620 1350 lotus
632 1292 711 1350 obdit
724 1303 860 1368 apertum,
905 1358 908 1365 ¹

176 1372 278 1434 Quum
292 1391 383 1448 genus
396 1373 451 1430 boo
464 1373 536 1430 inter
550 1372 613 1429 rite
627 1380 761 1444 versetur,
775 1371 825 1428 ubi
837 1371 911 1430 acris
975 1374 983 1400 ⁰

178 1449 291 1509 Invidia
304 1461 386 1526 atque
400 1451 496 1528 vigent
508 1450 557 1508 ubi
570 1449 707 1521 crimina3
728 1470 779 1527 pro
792 1451 865 1509 bene
879 1469 948 1510 sano

179 1531 225 1588 Ac
239 1549 296 1588 non
309 1531 434 1604 incauto,
448 1529 545 1588 fictum
559 1539 737 1605 astutumque
751 1549 891 1588 vocamus.

178 1609 338 1685 Simplicior
351 1610 423 1684 quis,
436 1619 465 1668 et
478 1620 521 1667 est
532 1610 644 1685 qualem
657 1627 703 1666 me
716 1607 791 1686 saepe
805 1609 923 1667 libenter

176 1688 339 1746 Obtulerim
353 1688 413 1761 tibi,
428 1687 582 1762 Maecenas,
596 1698 628 1746 ut
641 1685 711 1746 forte
726 1688 867 1765 legentem

178 1769 240 1825 Aut
252 1766 368 1826 tacitum
382 1767 507 1844 impellat
518 1768 616 1843 quovis
629 1786 757 1826 sermone
768 1769 780 1825 l
801 1773 818 1800 ‘⁴
831 1767 983 1826 Molestus!

179 1846 332 1917 Communi
345 1864 431 1915 sensu
443 1843 528 1924 plane
543 1848 647 1919 caret,''
663 1846 813 1922 inquimus.
847 1847 948 1906 Eheu!

177 1924 277 1988 Quum
290 1923 398 1984 temere
411 1926 442 1998 iu
455 1937 564 1985 nosmet
577 1926 668 2002 legem
682 1925 826 1983 sancimus
840 1926 980 2001 iniquam!

179 2005 209 2061 N
211 2025 255 2063 am
269 2006 342 2063 vitiis
355 2025 439 2065 nemo
452 2007 513 2065 sine
527 2005 671 2064 nascitur:
691 2005 813 2082 optimus
826 2005 873 2063 ille
886 2015 930 2062 est

178 2083 240 2145 Qui
255 2084 379 2142 minimis
392 2096 516 2161 urgetur.
555 2086 676 2143 Amicus
689 2084 789 2158 dulcis,
800 2095 833 2143 ut
846 2103 956 2160 aequum
969 2094 1022 2158 est,

179 2162 279 2224 Quum
293 2182 357 2220 mes
370 2175 533 2239 compenset
546 2164 621 2222 vitiis
634 2165 717 2237 bona,
730 2163 857 2240 pluribus
870 2164 958 2238 hisce,
1077 2165 1117 2222 70

180 2241 212 2298 Si
226 2239 310 2300 modd
323 2243 404 2318 plura
416 2242 486 2299 mihi
500 2243 575 2300 bona
587 2254 662 2316 sunt,
677 2240 821 2301 inclinet!
832 2243 920 2301 amari

180 2321 213 2378 Si
227 2320 300 2380 volet
313 2323 367 2379 hac
382 2321 455 2397 lege',
470 2321 499 2379 in
513 2321 619 2379 trutinis
632 2333 751 2398 ponetur
764 2323 874 2379 eisdem.

179 2399 241 2461 Qui
255 2420 291 2458 ne
304 2401 449 2459 tuberibus
462 2401 580 2478 propriis
592 2400 717 2459 offendat
730 2400 853 2458 amicum

179 2479 315 2553 Postulat,
329 2481 457 2558 ignoscet
470 2479 593 2538 verrucis
606 2479 698 2537 illius:
719 2498 829 2555 oequum
843 2490 886 2538 est

180 2557 308 2617 Peccatis
322 2560 432 2618 veniam
445 2572 608 2636 poscentem
621 2559 740 2617 reddere
752 2578 856 2616 rursus.

219 2637 359 2714 Denique,
372 2641 512 2715 quitenus
525 2639 619 2697 excidi
632 2636 746 2716 penitius
759 2637 856 2696 vitium
871 2638 929 2711 irre,

179 2717 291 2774 Cetera
303 2718 372 2775 item
386 2729 531 2793 nequeunt
543 2718 635 2776 stultis
648 2719 798 2776 haerentia:
819 2737 870 2775 cur
883 2737 940 2775 non

100 2850 105 2859 ,
181 2795 356 2854 Ponderibus
368 2797 542 2872 modulisque
556 2797 615 2854 suis
628 2798 698 2854 ratio
711 2797 807 2869 utitur,
822 2816 856 2854 ac
868 2815 913 2854 res

179 2874 218 2932 Ut
231 2894 347 2951 quaeque
360 2886 413 2949 est,
426 2876 465 2933 ita
478 2875 623 2951 suppliciis
635 2875 739 2933 delicta
752 2878 885 2933 coerceti

180 2952 213 3012 si
226 2955 288 3029 quis
301 2974 366 3012 eum
380 2974 501 3028 servum,
514 2955 640 3031 patinam
652 2954 701 3029 qui
714 2954 810 3012 tollere
821 2954 916 3030 jussus

180 3032 312 3090 semesos
325 3035 417 3109 pisces
430 3035 612 3111 tepidumque
625 3033 778 3110 ligurrierit
787 3034 844 3110 jus,

181 3110 216 3167 In
230 3130 314 3167 cruce
328 3114 449 3189 suffigat,
463 3114 595 3172 Labeone
609 3114 733 3180 insanior
747 3115 820 3171 inter

180 3191 272 3246 Sanos
285 3189 403 3247 dicatur.
426 3190 555 3253 'Quanto
570 3193 624 3249 hoo
638 3193 768 3251 lirriosius
781 3205 863 3268 atque

180 3267 275 3344 Majus
287 3280 434 3344 peccatum
448 3269 505 3326 estl
539 3269 660 3328 Paulum
674 3271 789 3347 deliquit
803 3271 911 3328 amicus

182 3346 283 3424 (Quod
297 3347 352 3404 nisi
366 3347 516 3419 concedas,
530 3348 651 3405 habeare
662 3350 817 3428 insuavis);
839 3352 958 3409 acerbus
1075 3351 1115 3412 85

180 3427 285 3499 Odisti,
299 3437 328 3484 et
341 3426 423 3502 fugis,
438 3437 469 3484 ut
481 3425 641 3484 Drusonem
655 3429 763 3487 debitor
777 3429 849 3501 eric,

180 3507 252 3579 Qui,
266 3505 330 3578 nisi,
344 3524 430 3581 quum
443 3505 536 3572 tristes
549 3505 651 3563 misero
664 3506 768 3564 venere
782 3507 928 3582 Kaleudae,

182 3585 345 3644 Mercedem
359 3595 408 3643 aut
420 3604 550 3645 nummos
563 3585 639 3642 unde
653 3586 729 3642 uude
743 3587 869 3660 extricat,
883 3606 993 3647 amaras

183 3665 315 3724 Porrecto
325 3665 424 3742 jugulo
437 3665 575 3738 historias,
589 3665 714 3744 captivus
728 3675 768 3738 ut,
782 3666 869 3725 audit.

182 3743 358 3803 comminxit
370 3745 475 3803 lectum
487 3755 579 3822 potus,
592 3744 725 3803 mensive
738 3745 863 3804 catillum
1078 3749 1119 3806 90
