2444 4216
136 206 177 267 94
460 207 490 263 Q.
508 204 652 254 nonsart
669 205 791 256 snsccr

174 350 266 408 Instat
278 350 358 427 equis
372 349 469 426 auriga
482 368 547 408 suos
561 349 748 422 vincentibus,
762 349 842 406 illurn
1005 366 1008 371 ‘
1054 344 1113 410 115

173 429 348 488 Praeteritum
362 440 490 487 temnens
503 440 642 491 extremes
655 430 728 488 inter
740 439 866 487 euntem,

173 506 246 566 Indd
261 509 291 568 fit
304 521 335 566 ut
348 505 421 580 rard,
434 509 483 584 qui
496 527 527 566 se
540 507 769 567 virissebeatum

173 586 266 662 Dicat,
280 599 309 646 et
322 598 421 646 exacto
434 598 583 646 contentus
593 597 725 665 tempore
734 589 797 646 vitre
859 624 863 631 -
884 616 887 623 ·

173 667 265 724 Cedat
277 664 317 724 uti
332 668 450 726 conviva
463 679 549 741 satur,
561 668 685 744 reperire
699 674 842 743 queamus.
951 694 962 744 χ
1027 696 1030 707 ·

211 745 275 803 Jam
289 746 356 804 satls
370 757 431 804 est:
451 766 489 805 ue
499 765 548 804 me
562 745 687 823 Crispini
699 747 803 804 scrinia
815 746 883 822 lippi
931 783 934 787 ,
987 768 991 774 ·
1028 746 1109 807 tao

171 823 346 902 Compilitsse
356 833 448 903 putes,
462 826 579 885 verbum
592 840 650 885 non
664 824 787 904 amplius
800 826 910 883 addam.
980 842 983 863 ³

464 1170 466 1175 ’
508 1172 666 1240 snmus
686 1180 728 1240 11.
747 1164 752 1187 ·'

169 1304 399 1361 Amanasrsnmt
412 1301 541 1378 collegia,
554 1301 789 1379 pharmacopolte,
818 1317 825 1339 ··

168 1380 306 1454 Mendici,
320 1382 422 1452 mimae,
436 1381 604 1452 balatrones,
618 1380 673 1437 hoc
686 1399 777 1456 genus
790 1399 874 1439 omne

169 1459 303 1519 Moestum
317 1480 351 1518 ac
364 1460 513 1517 sollicitum
527 1468 570 1516 est
583 1459 706 1516 cantoris
720 1471 808 1517 morte
822 1459 945 1536 Tigelli3
978 1476 990 1502 -’

167 1540 283 1617 Quippe
297 1539 437 1616 benignus
449 1541 525 1596 eret<
547 1535 646 1595 contra
660 1538 716 1610 hic,
730 1558 768 1596 ne
781 1540 914 1616 prodigus
927 1558 990 1598 esse
1070 1595 1073 1601 .

168 1619 286 1677 Dicatur
299 1630 438 1690 metuens,
452 1617 529 1695 inopi
542 1618 609 1675 dare
620 1617 691 1674 nolit
704 1618 795 1675 amico
1087 1621 1108 1677 5

167 1697 269 1775 Frigus
282 1717 337 1774 quo
350 1698 504 1772 duramque
517 1697 620 1754 famem
634 1697 775 1774 depellere
786 1697 881 1772 possit.

167 1777 256 1836 Hunc
269 1778 292 1835 si
306 1777 488 1854 permutetis,
503 1776 546 1833 avi
560 1794 611 1833 cur
625 1786 707 1850 atque
719 1778 844 1853 parentis
892 1788 903 1810 ·‘

165 1854 334 1915 Praeclaram
347 1855 457 1933 ingrati
469 1855 588 1931 stringat
600 1855 690 1912 malus
704 1856 827 1930 ingluvie
841 1875 910 1930 rem,

165 1935 273 1994 Omnia
285 1937 434 1994 conductis
446 1939 582 1994 coemens
595 1935 713 1992 obsonia
726 1935 866 2004 nummis;

166 2017 304 2073 Sordidus
317 2025 399 2091 atque
412 2015 500 2073 animi
514 2012 591 2090 qndd
603 2018 682 2092 parvi
696 2014 765 2072 nolit
779 2014 885 2088 haberi,
1070 2016 1107 2074 10

167 2095 348 2170 Respondet:
369 2094 498 2152 laudatur
512 2095 548 2151 ab
561 2094 615 2168 his,
629 2094 757 2170 culpatur
771 2093 807 2150 ab
820 2093 883 2151 illis.

166 2172 293 2230 Fufidius
307 2192 402 2249 vappae
416 2173 519 2230 famam
532 2173 612 2231 timet
625 2190 659 2230 ac
673 2173 832 2244 nebulonis,

165 2250 252 2326 Dives
264 2252 348 2329 agris,
362 2252 440 2310 dives
453 2252 550 2328 positis
562 2253 593 2308 in
607 2252 712 2310 t‘oenore
725 2252 857 2309 nummis.

164 2332 278 2394 Quinas
291 2332 339 2390 hic
352 2331 437 2408 capiti
449 2332 596 2390 mercedes
609 2342 739 2400 exsecat3
760 2341 843 2405 atque

163 2409 282 2474 Quanto
296 2411 429 2488 perditior
442 2411 488 2487 qu'
523 2429 559 2469 ue
571 2420 624 2482 est,
637 2406 717 2468 tanto
731 2407 826 2467 acriris
839 2419 937 2485 urget3
1068 2411 1105 2469 15

164 2491 290 2549 Nomina
303 2501 435 2564 sectatur,
445 2491 530 2549 modo
544 2490 656 2567 sumpta
669 2499 746 2547 veste
759 2489 831 2546 virili

165 2571 226 2628 Sub
238 2571 363 2649 patribus
376 2571 463 2642 duris,
476 2570 607 2628 tironum.
648 2574 667 2600 “
676 2568 830 2641 Maximc,''
844 2569 908 2644 quis
921 2587 996 2641 non,-

164 2655 183 2682 “
194 2650 304 2727 Jupiter
313 2651 338 2706 !''
361 2650 508 2722 exclamet,
522 2649 605 2708 simul
620 2660 702 2724 atque
716 2649 821 2706 audivit
828 2649 921 2706 t-At
934 2649 963 2705 in
978 2664 1008 2705 se

164 2729 219 2788 Pro
233 2739 341 2805 questu
355 2739 503 2805 sumptum.
512 2727 686 2785 lacit-Hic
700 2729 746 2785 vix
759 2729 875 2785 credere
888 2728 977 2803 possis

162 2807 261 2870 Qudm
275 2808 399 2877 sibinen
413 2808 449 2865 sit
461 2808 585 2864 amicus:
606 2807 646 2864 ita
658 2818 690 2864 ut
702 2818 780 2882 pater
794 2806 851 2881 ille,
866 2803 985 2865 Terenti
1063 2805 1103 2863 20

164 2885 274 2944 Fabula
286 2906 370 2964 quem
384 2887 518 2945 miserum
531 2897 598 2944 nato
612 2885 714 2947 vixisse
727 2886 823 2960 fugato

164 2964 289 3039 Inducit,
303 2986 361 3025 non
375 2986 406 3024 se
418 2963 500 3044 pejirs
513 2965 683 3023 cruciaverit
696 2975 778 3041 atque
792 2965 847 3021 hic.

202 3045 233 3101 Si
247 3046 309 3118 quis
321 3065 398 3104 nunc
411 3056 526 3122 querat,
541 3049 560 3077 “
570 3041 640 3106 Qud
654 3063 699 3102 res
712 3045 774 3103 haec
786 3043 907 3120 pertinet
913 3044 942 3101 l’'
964 3038 1053 3100 Illuc:

162 3122 239 3180 Dum
253 3123 340 3181 vitant
353 3125 431 3182 stulti
445 3125 520 3196 vitia,
534 3126 565 3181 in
580 3125 720 3182 contraria
733 3133 858 3181 currunt.

161 3201 291 3261 Pastillos
304 3202 428 3259 Rufillus
437 3204 504 3274 olet,
519 3203 680 3279 Gorgonius
693 3204 812 3261 hircum.
972 3211 975 3216 '
1060 3200 1101 3259 25

492 3554 650 3617 SATIRA
671 3554 727 3615 ΠΙ.
753 3618 755 3623 .

162 3679 305 3738 Onurnus
318 3679 373 3738 hoc
387 3677 486 3737 vitium
498 3687 542 3736 cst
555 3663 727 3749 cantoribus,
739 3676 811 3736 inter
822 3677 929 3735 amicos

163 3756 202 3816 Ut
215 3777 363 3835 nunquam
376 3758 515 3818 inducmt
528 3757 655 3816 animum
668 3767 783 3815 cantare
795 3757 894 3834 rogati,
