2444 4216
400 216 598 266 CARMINUM
616 216 682 266 LIB.
699 217 735 266 11,

235 355 378 418 Oblivioso
391 362 463 419 levia
471 360 596 418 Massico

235 440 349 498 Ciboria
362 441 458 516 exple:
480 441 567 498 funde
580 440 732 517 capacibus

274 519 426 595 Unguenta
440 521 475 577 de
489 521 614 578 conchis.
644 519 721 581 Quis
734 520 791 577 udo

313 599 506 675 Deproperare
520 601 583 674 apio
596 618 714 656 coronas

235 677 357 735 Curatve
372 680 479 753 myrtol
499 696 583 753 quem
598 679 696 734 Venus
711 678 844 735 arbitrum

234 755 320 814 Dicet
333 757 466 814 bibendil
497 757 564 815 Non
578 776 631 832 ego
642 754 739 815 sanius

275 835 440 894 Bacchabor
454 835 577 894 Edonis:
599 848 713 911 recepto

313 914 406 983 Dulce
421 917 489 973 mihi
503 916 595 973 furere
609 928 651 972 est
665 916 765 972 amico.

490 1228 574 1286 ODE
595 1227 647 1284 VI.

478 1365 517 1403 nn
529 1352 679 1404 vanorum.¹

237 1465 308 1524 Nou
322 1485 430 1543 semper
445 1467 548 1524 imbres
561 1468 685 1524 nubibus
700 1468 824 1544 hispidos

236 1545 356 1604 Manent
369 1548 398 1604 in
413 1567 503 1623 agros,
518 1559 566 1603 aut
580 1567 656 1603 mare
670 1547 807 1624 Caspium

275 1627 388 1684 Vexent
402 1626 553 1701 inaequales
564 1627 693 1702 procellae

314 1705 409 1780 Usque
421 1726 427 1775 ;
449 1725 503 1762 nec
515 1707 659 1763 Armeniis
673 1707 702 1763 in
716 1708 781 1780 oris,

237 1783 339 1841 Amice
354 1785 447 1861 Valgi,
459 1797 513 1843 stat
526 1786 632 1862 glacies
646 1786 721 1844 iners

236 1861 352 1921 Menses
365 1884 414 1941 per
428 1885 544 1934 omnes;
566 1877 614 1922 aut
629 1867 819 1940 Aquilonibus

274 1942 421 2004 Querceta
434 1945 558 2021 Gargani
573 1945 710 2016 laborant,

315 2022 352 2080 Et
366 2024 438 2080 loliis
449 2024 599 2081 viduantur
613 2024 683 2080 orni.

236 2103 285 2160 Tu
300 2122 409 2178 semper
424 2122 508 2178 urges
522 2101 661 2159 flebilibus
675 2103 765 2161 modis

238 2181 351 2258 Mysten
367 2184 544 2257 ademptum:
565 2202 620 2239 nec
633 2183 683 2240 tibi
695 2182 821 2260 Vespero

277 2263 418 2397 Suppentc
432 2263 575 2320 decedunt
588 2282 707 2335 amores,

347 2361 381 2399 ec
395 2343 522 2418 rapidum
535 2343 662 2418 fugiente
677 2342 780 2400 Solem.

237 2419 347 2479 Atrion
362 2433 404 2479 ter
419 2440 477 2479 aevo
491 2423 606 2480 functus
620 2422 769 2479 amabilem

236 2499 358 2557 Ploravit
371 2520 470 2558 omnes
484 2502 669 2558 Antilochum
684 2518 771 2555 senex

278 2578 395 2635 Annos:
417 2598 471 2633 nec
486 2579 628 2652 impubem
643 2588 775 2653 parentes

318 2654 449 2726 Troilon,
465 2668 514 2712 aut
526 2655 656 2730 Phrygiae
670 2675 787 2728 sorores,

237 2732 356 2791 Flevirre
371 2753 489 2809 semper.
524 2733 630 2792 Desine
646 2735 770 2792 mollium

238 2813 370 2872 Tandem
384 2813 575 2888 querelarum:
596 2825 625 2872 et
638 2812 731 2890 potiris
744 2834 816 2873 nova

277 2891 434 2950 Cantemus
448 2895 572 2970 Augusti
587 2905 691 2970 tropaea

316 2972 447 3042 Caesaris,
461 2983 490 3029 et
503 2974 625 3048 rigidum
639 2971 795 3047 Niphaten,

238 3049 412 3126 Medumque
427 3049 543 3121 flumen,
557 3051 689 3126 gentibus
704 3051 830 3109 additum

238 3130 339 3205 Victis,
355 3132 478 3188 minores
489 3130 598 3187 volvere
612 3131 740 3198 vortices,

277 3208 410 3284 Intraque
425 3211 616 3286 prescriptum
630 3210 754 3269 Gelonos

316 3289 436 3367 Exiguis
449 3289 574 3365 equitare
587 3290 702 3368 campis.
