2444 4216
260 242 266 256 ,
341 260 344 267 r
390 180 588 261 csuurrauu
604 183 670 233 mn.
688 184 735 259 m.
825 198 828 205 ·

264 322 402 402 Auguste,
416 324 532 383 virtutes
544 325 575 383 in
589 344 680 384 eram

300 403 462 471 Pertitulos
476 423 669 481 memoresque
683 404 769 464 fastos

224 481 377 542 AEternetl
395 502 422 555 o,
437 483 494 558 qut
506 482 547 541 sol
562 482 728 542 habitabiles

225 561 349 619 Illustrat
361 581 434 634 oras,
450 561 571 619 maxime
584 563 754 639 principum,

261 639 358 702 Quem
372 640 443 719 legis
456 651 586 716 expertes
600 638 708 711 Latiuae

300 719 446 793 Vindelici
459 716 586 792 didicere
600 738 689 795 nuper
783 718 784 722 ’

222 797 303 861 Quid
318 797 410 855 Marte
424 816 529 873 posses.
573 795 665 855 Milite
679 816 745 854 narn
758 809 807 857 tuo

223 877 333 935 Drusus
346 878 509 949 Genaunes,
524 877 706 952 implacidum
719 897 819 953 genus,

261 956 444 1031 Breunosque
460 956 579 1028 veloces,
593 968 622 1014 et
636 975 715 1013 arces

301 1034 422 1111 Alpibus
435 1035 578 1112 impositas
591 1036 755 1108 tremendis,

224 1113 336 1189 Dejecit
350 1133 415 1171 acer
428 1112 492 1190 plus
507 1115 568 1171 vice
582 1115 711 1190 simplici.
777 1130 783 1151 ¹

224 1192 316 1269 Major
330 1192 480 1250 Neronum
493 1190 559 1249 mox
572 1212 656 1268 grave
670 1193 799 1267 proelium

261 1272 420 1341 Commisit,
436 1272 628 1345 immanesque
643 1271 761 1328 Rhaetos

302 1350 446 1424 Auspiciis
459 1349 566 1425 pepulit
580 1351 731 1408 secundis:

222 1428 411 1505 Spectandus,
421 1428 451 1485 in
465 1429 619 1490 certamine
633 1428 746 1502 Martio,

222 1509 331 1566 Devota
344 1508 425 1566 morti
440 1520 553 1584 pectora
565 1508 660 1566 liberae

260 1587 385 1649 Quantis
400 1587 528 1664 fatigaret
540 1589 639 1659 ruinis,

300 1666 455 1724 Indomitas
469 1663 556 1744 prope
571 1667 661 1743 qualis
673 1669 765 1726 undas

220 1746 343 1804 Exercet
356 1747 470 1819 Auster,
485 1746 631 1804 Pleiadum
645 1748 731 1805 choro

221 1825 377 1883 Scindente
391 1825 491 1897 nubes,
505 1826 623 1903 impiger
638 1827 760 1883 hostium

260 1905 371 1963 Vexare
385 1918 500 1977 turmas,
515 1917 543 1963 et
557 1906 722 1963 frementem

297 1982 410 2042 Mittere
424 2003 527 2061 equum
541 1985 649 2042 medios
663 2004 711 2060 per
727 1985 813 2059 ignes.
826 1999 830 2005 ’

221 2062 272 2121 Sic
285 2063 454 2121 tauriformis
468 2063 585 2121 volvitur
599 2064 733 2135 Aufidus,

217 2142 280 2205 Qui
301 2162 389 2218 regna
402 2142 496 2200 Dauni
510 2141 630 2219 praefluit
643 2143 759 2219 Appuli,

256 2221 357 2282 Quum
370 2223 458 2293 erevit,
473 2223 695 2298 horrendamque
710 2222 792 2280 cultis

296 2299 437 2359 Diluviem
453 2301 602 2358 meditatur
616 2303 706 2378 agris3

217 2379 256 2437 Ut
269 2379 448 2437 barbarorum
462 2381 497 2437 Ol
537 2382 600 2438 dius
614 2381 728 2456 agmina

218 2458 335 2516 Ferrata
348 2470 425 2516 vasto
438 2400 654 2534 dirulllimperu,

258 2536 421 2615 Primosque
434 2548 463 2592 et
475 2549 615 2593 extremos
628 2534 770 2606 metendo,

297 2615 400 2670 Stravit
413 2615 540 2684 humum,
555 2613 616 2674 sine
629 2613 710 2671 clade
724 2615 819 2690 victor,

219 2692 265 2751 Tc
280 2693 385 2769 copias,
399 2704 427 2749 te
442 2692 600 2764 consilium,
614 2703 641 2750 et
653 2703 716 2750 tuos
729 2732 732 2737 ι

220 2772 368 2830 Praebente
381 2771 475 2830 divos:
496 2791 572 2844 nam,
586 2772 637 2829 tibi
650 2772 764 2847 quodie

257 2851 359 2909 Portus
373 2850 552 2910 Alexandrea
565 2851 682 2928 supplex

296 2928 334 2989 Et
347 2949 463 2989 vacuam
477 2931 609 3007 patefecit
623 2930 727 3001 aulam,

210 3009 346 3068 ¹Fortuna
358 3010 446 3068 lustro
459 3027 592 3085 prospera
605 3009 688 3065 tertio

218 3089 288 3148 Belli
299 3089 440 3149 secundos
453 3087 575 3145 reddidit
589 3087 689 3159 exitus,

256 3169 441 3244 Laudemque
451 3177 481 3224 et
492 3176 617 3242 optatum
631 3165 752 3243 peractis
800 3232 804 3239 ,
842 3174 861 3245 .'

295 3248 425 3325 Imperiis
439 3247 526 3304 decus
539 3236 684 3325 arrogavit.
734 3216 785 3289 “l
795 3240 811 3286 ι’
820 3208 878 3288 ds·-
908 3240 912 3271 ³

217 3327 263 3385 Te
277 3326 418 3385 Cantaber
429 3346 486 3384 non
501 3323 566 3383 antd
578 3321 734 3399 domabilis,

218 3406 384 3482 Medusque,
398 3419 427 3464 et
441 3405 539 3479 Indus,
553 3416 580 3463 te
598 3407 733 3483 profugus
747 3407 866 3484 Scythes

257 3484 385 3556 Miratur,
398 3506 416 3544 ο
429 3485 516 3544 tutela
529 3504 652 3563 presens

294 3562 384 3621 Italia
398 3565 573 3640 dominaque
586 3564 705 3623 Romae:

219 3641 275 3715 Te,
290 3642 408 3701 sontium
420 3645 468 3720 qui
483 3645 556 3702 celat
569 3641 702 3718 origines,

216 3721 367 3798 Nilusque,
380 3734 409 3783 et
421 3722 503 3798 Ister,
516 3739 545 3783 te
558 3722 672 3799 rapidus
684 3719 791 3799 Tigris,
