2444 4216
412 207 414 210 ’
444 202 583 255 monum
600 202 710 255 unum

502 426 586 485 ODE
599 378 661 485 XI.v

390 563 430 603 nn
450 564 589 606 norunuu
607 540 767 620 pronianum.

171 665 298 722 Munna
309 663 367 740 jam
380 666 479 723 teritur
493 665 573 722 bellis
586 665 715 722 civilibus
729 677 805 737 atas,

161 743 162 747 ’
211 745 276 802 Suis
288 754 316 801 et
330 744 391 820 ipsa
405 743 501 801 Roma
514 744 618 800 viribus
632 745 703 800 ruit:

104 824 106 829 ’
168 822 265 885 Quam
280 842 371 897 neque
385 823 497 880 finitimi
512 823 658 880 valuerunt
671 823 789 898 perdere
803 821 901 896 Marsi,

210 902 333 960 Minacis
346 913 395 960 aut
408 902 528 959 Etrusca
541 901 671 961 Porsena·
685 919 795 973 manus,

172 982 287 1040 AEmula
301 1001 355 1039 nec
368 981 455 1039 virtus
468 982 584 1057 Capuae,
598 1001 652 1040 nec
671 983 823 1057 Spartacus
836 1000 911 1053 acer,
1048 983 1069 1040 5

209 1061 353 1136 Novisque
367 1062 451 1119 rebus
466 1061 586 1118 infidelis
601 1062 745 1132 Allobrox,

170 1139 234 1199 Nec
249 1141 307 1198 fera
320 1141 443 1198 coeruled
456 1141 565 1198 domuit
578 1141 731 1197 Germania
745 1140 829 1215 pube,

209 1219 431 1293 Parentibusquc
446 1221 623 1275 abominatus
638 1219 797 1276 Hannibal:

170 1298 262 1375 Impia
275 1300 426 1375 perdemus
440 1298 532 1354 devoti
546 1299 692 1373 sanguinis
706 1309 782 1368 aetas,

93 1451 96 1456 ι
210 1377 345 1452 Ferisque
359 1394 454 1433 rursus
468 1377 650 1452 occupabitur
664 1377 763 1434 solum.
1030 1378 1067 1434 10

170 1457 321 1528 Barbarus,
337 1456 407 1513 heu!
430 1455 539 1513 cineles
554 1458 664 1515 insistet
677 1457 774 1528 victor,
789 1467 817 1512 et
832 1454 937 1513 Urbem

208 1536 303 1611 Eques
317 1546 434 1593 sonante
448 1537 604 1592 verberabit
617 1536 739 1611 angult:

150 1629 151 1632 ’
168 1615 299 1690 Quaque
313 1626 411 1672 carent
425 1615 515 1671 ventis
528 1627 556 1671 et
570 1616 685 1686 solibus,
699 1634 762 1672 ossa
775 1613 901 1684 Quirini,

210 1693 299 1752 Nefas
314 1695 423 1750 videre!
447 1694 591 1769 dissipabit
605 1695 735 1752 insolens.

169 1771 266 1845 Fortui,
280 1774 346 1849 quid
361 1773 500 1848 expediat,
514 1775 711 1845 cummuniter,
726 1785 773 1850 aut
788 1773 886 1830 melior
900 1790 974 1847 pars,
1029 1772 1065 1828 15

209 1851 294 1912 Malis
308 1871 404 1909 carere
418 1853 540 1927 quaeritis
554 1854 704 1910 laboribus.

170 1930 257 1988 Nulla
270 1932 307 1988 sit
319 1934 373 1988 hac
386 1935 475 2008 potior
489 1933 644 1991 sententia:
667 1932 849 1988 Phocaeorum
941 1992 943 2001 Ι

209 2011 295 2069 Velut
308 2012 430 2087 profugit
443 2024 588 2068 exsecrata
601 2011 708 2081 civitas,

170 2091 263 2166 Agros
277 2102 359 2165 atque
373 2090 460 2147 Lares
473 2091 606 2165 proprios,
622 2090 827 2166 habitandaque
841 2089 906 2147 fana
1046 2142 1049 2146 ,

138 2173 140 2178 ’
209 2170 294 2246 Apris
308 2167 421 2244 reliquit
434 2181 462 2227 et
475 2170 624 2245 rapacibus
637 2169 726 2246 lupis;
1024 2167 1065 2224 20

169 2246 215 2306 Ire
229 2250 315 2324 pedes
327 2267 496 2324 quocunque
510 2249 611 2320 serent,
624 2266 793 2324 quocunque
807 2268 856 2325 per
871 2247 962 2304 undas

208 2327 300 2387 Notus
315 2329 424 2386 vocabit
437 2340 485 2387 aut
498 2340 645 2404 protervus
660 2329 782 2386 Africus.

170 2407 220 2464 Sic
233 2408 345 2483 placetl
367 2428 402 2464 an
417 2407 519 2466 melitis
533 2418 595 2483 quis
610 2409 695 2465 habet
708 2408 845 2463 suaderel
867 2403 992 2462 secundia

209 2486 313 2543 Ratem
326 2506 465 2561 occupare
479 2489 545 2562 quid
560 2506 699 2544 moramur
715 2486 798 2541 alita-l

168 2566 227 2624 Sed
239 2565 366 2640 juremus
379 2565 408 2621 in
423 2567 500 2620 haec:
523 2565 641 2620 “Simul
657 2564 720 2619 imis
733 2582 800 2619 saxa
814 2563 940 2619 rendrint
1025 2562 1064 2618 25

217 2643 306 2701 Vadis
319 2644 419 2712 levata,
434 2662 472 2698 ne
485 2644 576 2698 redire
591 2644 626 2699 sit
640 2642 734 2698 nefas:

166 2722 236 2781 ‘Neu
251 2741 385 2780 conversa
399 2721 512 2778 domum
526 2723 620 2797 pigeat
635 2723 700 2779 dare
715 2722 810 2793 lintea,
823 2721 936 2796 quando

208 2803 302 2859 Padus
317 2800 426 2857 Matina
440 2801 536 2859 laverit
550 2802 714 2870 cacumina3

169 2880 205 2939 ln
218 2901 295 2938 mare
310 2899 359 2938 scu
374 2881 465 2937 celsus
478 2882 644 2956 procurrerit
662 2881 846 2955 Apenninus3

208 2960 345 3035 Novdque
359 2971 482 3017 monstra
494 2961 618 3035 junxerit
631 2960 747 3015 libidine
1025 2957 1064 3014 30

170 3037 260 3097 Mirus
275 3059 360 3110 amor,
372 3039 450 3115 juvet
465 3051 495 3094 ut
509 3041 594 3113 tigres
608 3038 752 3093 subsidere
765 3037 863 3107 cervis,

208 3120 390 3177 Adulteratur
404 3129 432 3175 et
446 3117 576 3174 columba
590 3117 685 3186 miluc,

170 3198 294 3256 Credula
307 3217 361 3256 nec
375 3207 455 3255 ravos
468 3199 586 3255 timeant
600 3195 726 3254 armenta
738 3197 844 3268 leones,

209 3279 349 3353 Ametque
363 3277 436 3334 salsa
448 3277 517 3333 levis
532 3277 625 3333 hircus
639 3277 779 3351 aequora.''
796 3312 797 3319 κ

170 3355 252 3428 Haec,
266 3369 295 3414 et
308 3376 370 3431 quae
383 3368 514 3432 poterunt
527 3356 633 3413 reditus
648 3356 814 3413 abscindere
828 3355 935 3425 dulces,
1026 3353 1064 3409 35

195 3435 314 3492 Eamus
326 3437 418 3492 omnis
431 3447 575 3493 exsecrata
589 3437 696 3506 civitas,

170 3514 231 3571 Aut
243 3534 306 3590 pars
320 3514 434 3572 indocili
448 3516 546 3573 melior
559 3535 661 3592 grege:
682 3514 773 3570 mollis
786 3524 816 3570 et
828 3531 928 3587 exspes

209 3593 370 3651 lnominata
383 3597 533 3670 perprimat
547 3595 659 3650 cubilia.

170 3671 239 3744 Vos,
253 3672 354 3747 quibus
367 3684 409 3729 est
422 3675 521 3744 virtus,
532 3674 697 3730 muliebrem
711 3672 797 3729 tollite
810 3672 928 3736 luctum,
939 3667 941 3671 ’

209 3752 331 3810 Etrusca
343 3762 443 3888 preater
455 3762 485 3810 ct
498 3753 587 3809 volate
600 3753 701 3809 littora.
1027 3748 1065 3805 40
