2444 4216
415 204 446 260 Q.
464 203 608 250 HORATlI
624 203 755 252 FLACCl.

295 346 400 405 Tutela
414 347 536 404 Saturno
549 347 691 423 refulgens

333 425 453 501 Eripuit,
467 426 641 501 volucrisque
656 426 703 483 fati

256 503 391 562 Tardavit
404 504 471 576 alas,
485 523 571 580 quum
585 505 704 581 populus
717 505 848 580 frequens

255 582 366 650 Laetum
379 584 551 659 theatris-ter
564 586 674 661 crepuit
687 603 788 642 sonum
800 605 807 642 ε

294 660 344 720 Me
357 672 475 719 truncus
489 656 602 740 illapsus
614 663 731 721 cerebro

333 741 500 815 sustulerat,
514 742 570 815 nisi
583 742 700 800 Faunus
713 743 802 801 ictum

254 819 362 878 Dextro
372 820 503 896 levasset,
517 821 731 881 Mercurialium

255 899 357 956 Custos
371 901 503 958 virorum.
544 901 679 959 Reddere
693 901 821 958 victimas
906 920 909 926 ¹

293 977 452 1054 AEdemque
467 980 587 1037 votivam
596 991 762 1037 memento:

330 1055 393 1116 Nos
406 1056 543 1116 humilem
556 1058 689 1116 feriemus
702 1077 816 1136 agnam.
898 1082 903 1107 ³

441 1260 726 1281 ...q-...···-ss-

502 1410 586 1489 ons
605 1409 707 1470 xv:
747 1412 757 1451 ··
832 1412 882 1425 ¹

410 1528 482 1588 Nou
495 1530 575 1602 ebur,
589 1549 681 1605 neque
695 1551 813 1591 aureum

255 1609 325 1699 Mea
336 1610 446 1693 renidet
460 1609 587 1685 indomo
600 1608 733 1690 lacunar:

412 1687 480 1746 Non
494 1657 751 1764 trebesllymettiae

187 1784 191 1793 ·
254 1770 391 1828 Premunt
404 1768 551 1826 columnas
565 1768 664 1824 ultima
678 1770 783 1828 recisas

410 1846 525 1904 Africa:
545 1865 638 1921 neque
654 1847 743 1905 Attali

254 1926 372 2005 Ignotus
385 1928 475 1984 haeres
488 1926 594 2003 regiam
608 1928 759 2003 occupavi:

410 2004 475 2063 Nec
489 2005 646 2062 Laconicas
661 2007 730 2063 mihi

233 2143 238 2152 ,
254 2085 386 2144 Trahunt
399 2086 524 2143 honestae
537 2103 674 2162 purpuras
688 2086 807 2145 cliente.

409 2163 450 2221 At
463 2164 534 2220 fides
547 2175 576 2222 et
589 2163 687 2240 ingeni

253 2242 382 2319 Benigne
394 2261 466 2300 vena
479 2254 535 2312 est3
556 2262 763 2320 pauperemque
776 2246 854 2304 dives

410 2320 460 2379 Me
472 2321 556 2398 petit:
578 2323 648 2379 nihil
660 2323 745 2399 supra

254 2400 331 2460 Deos
344 2401 466 2471 laress03
487 2420 542 2459 nec
555 2413 699 2477 potentem
713 2402 837 2460 amicum

409 2481 545 2558 Largium
558 2481 663 2557 flagito,

255 2556 330 2618 Satis
342 2561 440 2618 beatos
454 2562 547 2618 unicis
562 2561 685 2619 Sabinis.

410 2639 549 2698 Truditur
561 2641 621 2698 dies
641 2641 697 2714 die,

253 2715 395 2793 Novaeque
409 2730 530 2794 pergunt
543 2720 658 2776 interire
671 2720 761 2778 lunae:

409 2795 458 2853 Tu
472 2797 596 2854 secanda
609 2816 749 2855 marmora

253 2875 345 2934 Lucas
358 2875 411 2933 sub
423 2875 516 2951 ipsum
530 2873 628 2944 firnus3
649 2888 687 2945 et,
702 2877 824 2948 sepulcri

409 2952 571 3026 Immemor,
585 2955 670 3011 struis
683 2953 780 3012 domos
787 2973 794 3024 ;

254 3032 396 3109 Marisque
410 3033 488 3091 Baiis
500 3033 687 3106 obstrepentis
700 3052 784 3109 urges

410 3110 584 3168 Submovere
597 3110 699 3184 littora,

253 3190 357 3248 Parum
369 3190 494 3266 locuples
507 3189 671 3248 continente
684 3190 753 3266 ripi.

410 3268 510 3331 Quidl
529 3267 604 3343 quod
619 3287 707 3344 usque
720 3271 860 3345 proximos

253 3347 379 3406 Revellis
392 3348 451 3424 agri
465 3347 608 3418 terminos,
623 3359 651 3404 et
665 3348 738 3406 ultre

409 3427 528 3484 Limites
541 3425 686 3484 clientium

255 3506 328 3566 Salis
341 3524 452 3576 avarus3
473 3507 583 3583 pellitur
595 3516 726 3581 paternos

410 3584 445 3642 In
459 3587 522 3643 sinu
537 3587 629 3643 serens
642 3584 710 3642 deos

254 3664 293 3724 Et
305 3683 383 3737 uxor,
397 3674 426 3721 et
439 3665 489 3737 vir,
503 3665 682 3739 sordidosque
696 3664 789 3722 natosl

409 3741 498 3802 Nulla
511 3745 612 3803 certior
625 3755 730 3816 tamen,
