2444 4216
264 234 266 237 Ι
388 165 585 217 canurnuru
600 169 666 219 ms.
685 171 732 220 111.

222 305 302 382 Quo,
315 306 408 381 Musa,
422 311 539 369 tendisl'
566 309 681 372 'Desine
694 314 825 390 pervicax

266 388 387 461 Referre
399 408 543 448 sermones
556 394 683 466 deorum,
696 403 726 452 et

305 466 413 544 Magna
425 470 517 528 modis
530 482 647 539 tenuare
660 473 760 549 parvis.

432 822 434 828 -
482 785 565 846 onn
586 740 637 846 iv.

451 926 491 964 AD
505 925 678 966 cannosum.

227 1025 391 1084 Dnsonunn
405 1027 487 1097 ooelo,
502 1026 549 1082 dio
563 1044 615 1101 age
626 1025 696 1084 tibia

224 1106 340 1182 Regina
352 1106 479 1182 longum,
493 1105 629 1180 Calliope,
644 1107 742 1180 melos,

263 1185 323 1242 Seu
336 1203 404 1243 vooe
418 1202 497 1240 nuno
511 1183 599 1238 mavis
613 1185 707 1255 acuta,

303 1264 362 1319 Seu
375 1263 478 1318 fidibus
491 1262 653 1335 citharisque
667 1263 774 1322 Phoebi.

224 1341 356 1400 Auditisl
376 1358 413 1397 an
426 1359 472 1399 me
485 1341 556 1397 ludit
570 1341 697 1399 amabilis

228 1420 363 1478 Insanial
383 1420 492 1477 Audire
505 1430 534 1477 et
547 1420 641 1477 videor
654 1421 715 1496 pios

262 1499 364 1557 Errare
377 1519 426 1576 per
440 1499 529 1571 lucos,
544 1518 662 1557 amoenae

300 1580 382 1640 Quos
396 1590 425 1636 et
439 1598 518 1654 aquae
532 1579 654 1637 subeunt
667 1592 697 1637 et
710 1599 794 1639 aurae.

225 1657 276 1717 Me
289 1658 433 1730 sabulosae,
448 1659 567 1738 Vulture
581 1660 609 1715 in
622 1659 744 1736 Appulo‚

224 1739 341 1797 Altriois
354 1749 433 1795 extra
445 1738 532 1795 limen
546 1738 667 1814 Apulia,

256 1817 346 1875 ‚Ludo
360 1818 560 1894 fatigatumque
573 1838 672 1876 somno

308 1896 422 1955 Fronde
435 1897 509 1954 nova
521 1917 637 1973 puerum
650 1898 797 1973 palumbes

224 1973 355 2034 Texbre:
376 1977 478 2035 mirum
492 1977 566 2050 quod
582 1976 652 2033 soret
665 1977 805 2049 omnibus,

222 2054 396 2130 Quicunque
410 2056 493 2113 oelsae
507 2056 605 2113 nidum
620 2056 810 2129 Acherontis,

263 2134 412 2209 Saltusque
426 2135 573 2206 Bantinos
588 2145 616 2192 et
630 2155 725 2192 arvum

300 2213 410 2290 Pingue
423 2224 521 2271 tonent
536 2214 649 2272 humilis
663 2214 794 2284 Forenti3

222 2291 261 2350 Ut
273 2303 334 2350 tuto
348 2292 383 2350 ab
397 2294 463 2351 atris
476 2313 593 2370 corpore
606 2295 707 2372 viperis

223 2371 382 2436 Dormirem
395 2384 424 2430 et
437 2374 526 2443 ursis;
549 2385 580 2431 ut
592 2391 732 2450 premerer
745 2371 827 2429 saort

260 2451 409 2527 Lauroque
423 2452 580 2527 collatisque
593 2462 692 2527 myrto,

300 2528 369 2586 Non
383 2530 445 2586 sine
458 2530 502 2586 dis
516 2531 657 2586 animosus
670 2527 771 2584 infans.

222 2606 333 2677 Vester,
348 2607 503 2678 Camoenae,
518 2618 608 2663 vester
621 2607 650 2661 in
664 2606 766 2663 arduos

185 2720 189 2727 ·
222 2684 321 2749 Tollor
336 2684 473 2755 Sabinos3
493 2704 544 2742 sau
563 2684 631 2741 mihi
645 2683 777 2761 frigidum

260 2763 415 2837 Praeneste,
430 2783 480 2822 seu
494 2765 584 2823 Tibur
597 2762 739 2841 supinum,
799 2759 802 2764 ’

301 2844 358 2902 Seu
371 2844 485 2920 liquida
497 2841 629 2920 plaoubre
643 2844 728 2901 Baiae.

221 2923 330 2981 Vestris
343 2925 466 2982 amioum
479 2923 600 2980 fontibus
614 2933 643 2979 et
655 2923 750 2979 choris

222 3003 288 3061 Non
302 3023 347 3060 me
358 3003 493 3077 Philippis
506 3019 586 3057 versa
599 3000 675 3056 aoies
689 3011 771 3075 retro,

260 3082 368 3140 Devota
382 3100 439 3138 non
452 3078 586 3137 exstinxit
599 3079 689 3150 arbos,

300 3159 366 3218 Neo
380 3157 476 3217 Sioull
491 3158 640 3215 Palinurus
653 3157 739 3218 rmdt.

220 3239 370 3316 Utcunque
383 3255 495 3295 mecum
508 3255 555 3295 vos
568 3238 654 3311 eritis,
669 3239 760 3298 libens

221 3317 413 3377 Insanientem
427 3316 521 3374 navita
534 3316 688 3393 Bosporum

259 3397 399 3470 Tentsbo,
413 3407 443 3454 et
456 3407 566 3455 arentes
579 3415 680 3456 arenas

297 3477 411 3535 Littorls
425 3475 534 3552 Assyrii
547 3477 650 3534 viator:

223 3554 319 3614 Visam
332 3556 482 3614 Britannos
495 3555 650 3632 hospitibus
663 3555 744 3630 leros,

221 3630 260 3693 Et
271 3633 365 3693 latum
378 3637 481 3712 equino
495 3636 632 3712 sanguina
646 3634 830 3706 Onnumnmt

259 3713 358 3850 Viqaqn
370 3715 542 3792 pharetratos
554 3713 686 3788 Gelonos,
