2444 4216
267 482 313 574 q.
353 427 906 560 nouAT11.rLlocr

349 728 540 795 clausu
563 687 822 797 sboumnu.

376 1221 416 1259 An
430 1219 601 1258 APOLLINEM
615 1220 653 1258 ΕΤ
667 1220 794 1262 ΒΙΑΝΔΜ.

253 1323 377 1393 Peraea,
392 1321 578 1396 silvarumque
591 1331 691 1396 potens
705 1319 807 1395 Diana,

253 1400 393 1459 Lucidum
407 1400 477 1466 cceli¹
486 1400 584 1471 decus,
600 1420 617 1458 o
631 1400 743 1458 colendi

253 1483 370 1557 Semper
384 1492 413 1537 et
426 1479 582 1550 culti-date
596 1499 657 1553 quae
672 1498 819 1554 precamur

486 1557 628 1633 Tempore
640 1560 750 1634 prisco;

248 1639 320 1702 Quo
334 1637 463 1713 Sibyllini
477 1635 613 1695 monuere
627 1656 723 1695 versus
783 1663 787 1674 ¹

252 1719 385 1795 Virgines
397 1717 485 1774 lectas
498 1735 653 1792 puerosque
667 1730 760 1776 castos

251 1797 314 1870 Dis,
328 1797 429 1874 quibus
442 1807 549 1873 septem
562 1795 695 1872 placuere
706 1799 816 1870 colles,-

485 1875 589 1932 Dicere
604 1895 726 1933 carmen.

251 1959 335 2015 Alme
349 1956 407 2028 Sol,
422 1974 507 2012 curru
521 1955 610 2012 nitido
624 1955 699 2012 diem
713 1956 761 2031 qui

251 2036 360 2095 Promis
373 2047 402 2093 et
416 2035 501 2106 celas,
516 2033 643 2108 aliusque
656 2044 685 2091 et
698 2035 773 2092 idem
853 2080 856 2085 .

172 2166 176 2177 .
251 2114 397 2188 Nemetis,
411 2113 503 2190 possis
515 2112 584 2189 nihil
600 2113 668 2171 urbe
682 2113 778 2173 Romi

324 2204 326 2211 ’
377 2214 378 2219 “
483 2193 583 2250 Visere
597 2193 702 2270 majus!

250 2271 320 2332 Rite
334 2284 457 2331 maturos
471 2273 578 2349 aperire
591 2283 687 2349 partus

249 2353 336 2411 Leuis
350 2353 471 2428 Ilithyia,
485 2365 564 2410 tuere
579 2362 698 2421 matres3

250 2433 316 2490 Sive
330 2444 360 2490 tu
374 2432 484 2488 Lucina
496 2432 598 2507 probas
612 2430 717 2501 vocari,

484 2511 542 2565 Seu
555 2508 703 2565 Genitalis.

250 2587 333 2660 Diva,
346 2588 485 2663 producas
499 2586 632 2658 sobolem,
647 2585 817 2662 Patremque

249 2666 400 2743 Prosperes
413 2665 526 2722 decreta
540 2685 622 2741 super
633 2665 766 2743 jugandis

249 2746 397 2817 Foeminis,
410 2745 548 2821 prolisque
562 2763 641 2803 novae
655 2745 741 2802 feraci

483 2824 560 2902 Lege
574 2825 682 2882 maritis.

249 2903 351 2964 Certus
364 2915 396 2962 ut
409 2905 497 2961 denos
511 2904 607 2960 decies
621 2912 671 2980 per
685 2920 775 2960 annos
891 2914 894 2921 '

248 2984 334 3044 Orbis
340 2984 380 3042 ‘et'
390 2995 490 3041 cantus
503 2983 659 3057 referatque
673 2982 764 3054 ludos,

248 3065 308 3123 Ter
321 3065 368 3123 die
381 3064 466 3136 clarc,
478 3062 615 3136 totiesque
628 3061 708 3137 graui

419 3207 422 3213 Δ
483 3140 578 3198 Nocte
591 3139 757 3217 frequentes.
832 3154 833 3163 ¹

247 3225 361 3300 Vosque
373 3238 488 3281 veraces
501 3219 648 3294 cecinisse,
663 3221 769 3295 Parce,

247 3303 335 3365 Quod
349 3302 435 3361 semel
449 3301 557 3359 dictum
570 3311 621 3374 est,
636 3300 796 3376 stabilisque
810 3317 903 3359 rerum

248 3383 398 3440 Terminus
413 3388 512 3455 se'r‘vet,
527 3381 601 3439 boria
611 3380 670 3456 jam
683 3381 804 3458 peractis

481 3461 600 3538 lungite
614 3459 678 3517 fate.

249 3538 361 3598 Fertilis
374 3541 485 3619 frugum
498 3540 664 3618 pecorisque
674 3537 779 3597 'Tellus

249 3619 354 3695 spicea
366 3620 452 3684 donet
465 3619 599 3684 Cererem
611 3617 732 3675 comni:

250 3697 386 3757 Nutriant
399 3698 482 3756 loetus
495 3709 524 3756 et
537 3713 618 3773 aque
630 3696 758 3755 salubres

327 3775 374 3836 8*
430 3839 438 3848 ,
482 3777 521 3834 Et
534 3776 708 3835 Jovisaurae.
