2444 4216
160 209 215 270 ιω
478 208 509 263 o.
527 205 669 254 nonaru
687 206 809 255 rancor

193 349 342 425 Desipiant
352 368 450 408 omnes
463 346 543 423 aequd
557 368 591 406 ac
604 360 645 420 tu,
658 349 705 423 qui
718 348 768 405 tibi
783 367 885 407 nomeu

194 427 299 486 Insano
311 427 438 504 posuere.
472 426 558 485 Velut
571 428 656 498 silvis,
672 428 718 483 ubi
732 428 834 501 passim

194 506 325 564 Palantes
338 526 413 564 error
427 517 503 563 certo
517 507 552 562 de
566 506 676 563 tramite
689 506 776 581 pellit,

194 585 246 643 Ille
259 585 456 656 sinistrorsum,
471 586 518 641 hic
532 586 704 641 dextrorsum
720 585 793 650 abit;
814 603 888 641 unus
900 583 1011 660 utrique
1088 587 1128 646 5⁰

193 664 287 735 Ermr,
299 664 351 720 sed
365 664 448 720 variis
462 664 553 720 illudit
562 664 705 738 partibus:
728 664 822 719 boote

193 743 285 799 Crede
299 743 381 799 modo
396 744 536 813 insanum,
550 743 638 806 nihilo
652 753 682 798 ut
694 742 913 816 sapientiorille,

191 821 252 882 Qui
265 832 293 877 te
306 821 422 896 deridet,
428 822 546 877 caudam
560 823 658 878 trabat.
693 820 745 877 Est
757 839 846 895 genus
854 839 948 876 unum

192 900 331 971 stultitia,
345 900 463 956 nihilum
477 901 628 957 metuenda
641 899 779 967 timentis;
801 909 832 956 ut
845 900 933 974 ignes,
1014 915 1017 953 ;

190 978 229 1036 Ut
242 998 334 1053 rupes,
348 978 499 1053 fluviosque
514 980 542 1036 in
557 998 656 1053 campo
669 979 778 1034 obstare
791 989 937 1052 queratur:
1087 981 1126 1039 55

191 1058 318 1114 Alterum
334 1069 361 1114 et
375 1058 440 1114 huic
455 1058 570 1129 varium,
584 1070 612 1114 et
626 1057 714 1114 nihilo
728 1057 890 1132 sapientius,
904 1056 985 1132 ignes

191 1136 246 1194 Per
260 1136 368 1193 medios
379 1136 531 1211 fluviosque
545 1137 660 1193 ruentis.
690 1137 805 1192 Clamet
817 1136 909 1192 amica
996 1193 1002 1205 ,

192 1214 293 1287 Mater,
308 1216 427 1272 honesta
440 1234 524 1287 soror,
539 1235 604 1273 oum
618 1217 754 1290 cognatis,
767 1227 854 1290 pater,
869 1232 956 1276 uxot:

192 1300 200 1324 ⁴
215 1294 273 1350 Hic
287 1294 359 1351 fossa
371 1306 413 1352 est
427 1295 544 1371 ingens!
564 1294 614 1351 *hic
628 1313 710 1369 rupes
723 1295 859 1354 maxima!
880 1312 959 1350 serva
970 1291 986 1350 1¹

190 1371 257 1432 Non
270 1372 359 1448 magis
372 1375 499 1445 audierit,
513 1371 597 1447 quam
611 1372 714 1430 Fusius
728 1373 821 1430 ebrius
833 1372 909 1444 olim,
1086 1376 1125 1434 eu

189 1451 288 1514 Quum
302 1452 421 1510 Ilionam
435 1453 562 1521 edormit,
577 1452 704 1507 Catienis
717 1451 792 1508 mille
806 1449 945 1522 ducentis,

191 1535 198 1561 ‘
211 1529 311 1602 Mater,
322 1543 349 1589 te
363 1531 487 1607 appello‚'
503 1530 697 1587 clamantibus.
731 1531 808 1586 Huic
817 1550 871 1606 ego
884 1534 997 1605 vulgum

191 1608 284 1666 Errori
299 1611 416 1666 similem
431 1621 563 1667 cunctum
580 1609 702 1665 insanire
715 1609 830 1666 docebo.

190 1686 299 1745 Insanit
313 1699 417 1745 veteres
431 1699 535 1745 statuas
549 1686 735 1763 Damasippus
749 1689 876 1746 emendo.

190 1764 304 1842 Integer
318 1779 360 1824 est
373 1767 474 1824 mentis
488 1766 651 1841 Damasippi
665 1768 803 1823 creditori
837 1767 920 1824 Esto:
1082 1769 1121 1827 65

191 1850 198 1875 ‘
214 1846 321 1922 Accipe
332 1847 405 1921 quod
420 1865 561 1920 nunquam
577 1845 677 1901 reddas
692 1846 776 1915 mihi‚’
792 1847 815 1903 si
830 1847 879 1902 tibi
894 1847 1004 1916 dicam;

190 1923 275 1981 Tune
290 1926 404 1982 insanus
417 1926 472 1982 eris
485 1925 509 1982 si
522 1924 673 1999 acceperis,
688 1943 725 1979 an
738 1922 829 1999 magis
842 1944 940 1983 excors

190 2003 310 2079 Rejectri
323 2006 416 2079 praedri
430 2023 513 2079 quam
527 2021 648 2078 praesens
663 2001 822 2060 Mercurius
837 2004 908 2060 iertl
953 2041 956 2050 ·

190 2082 288 2138 Scribe
301 2084 399 2139 decem
413 2103 430 2139 a
443 2083 549 2140 Nerio:
570 2102 626 2144 uon
641 2094 683 2139 est
695 2080 778 2150 satis3
801 2083 873 2140 adde
886 2082 996 2140 create

189 2158 296 2216 Nodosi
310 2161 416 2217 tabulas
430 2174 560 2227 centum
582 2162 658 2218 mille
672 2162 744 2218 adde
758 2173 888 2218 catenas:
1082 2164 1121 2220 70

190 2237 313 2314 Effugiet
325 2250 418 2296 tamen
434 2240 494 2295 haec
508 2240 659 2297 sceleratus
672 2241 783 2296 vincula
797 2241 920 2298 Proteus.

188 2316 286 2379 Quum
302 2319 390 2394 rapies
404 2319 433 2374 in
444 2319 490 2394 jus
504 2318 585 2375 malis
598 2319 734 2374 ridentem
750 2320 857 2389 alienis,

188 2395 252 2454 Fiet
266 2417 340 2473 aper,
354 2395 438 2455 modd
452 2398 518 2468 avis,
533 2395 616 2460 modd
631 2416 737 2467 saxum,
751 2408 789 2467 et,
800 2417 884 2470 quum
896 2399 977 2467 volet,
991 2397 1079 2457 arbor.

190 2476 221 2533 Si
235 2473 307 2533 male
322 2496 380 2534 rem
394 2496 491 2573 gerere
506 2477 596 2533 insani
610 2486 667 2544 est;
690 2475 787 2533 contra
802 2475 884 2549 bene,
898 2476 976 2534 sani:

188 2554 316 2612 Putidius
330 2556 417 2613 multo
432 2557 577 2613 cerebrum
592 2567 643 2626 est,
658 2554 726 2611 mihi
740 2556 832 2626 crede,
847 2555 953 2628 Perilli,
1081 2557 1120 2614 75

187 2633 327 2691 Dictantis
339 2635 412 2710 quod
426 2646 456 2692 tu
470 2643 613 2709 nunquam
626 2634 779 2692 rescribere
789 2635 885 2709 possis.
929 2675 932 2682 -

187 2713 304 2782 Audire,
319 2725 400 2788 atque
413 2724 506 2789 togam
516 2714 604 2791 jubeo
616 2732 794 2787 componere,
808 2714 932 2788 quisquis

186 2791 349 2848 Ambitione
362 2792 436 2849 malai
449 2803 497 2848 aut
511 2793 618 2866 argenti
632 2792 717 2866 pallet
730 2811 833 2863 amore,

184 2869 321 2945 Quisquis
335 2871 453 2940 luxuriis,
467 2870 571 2927 tristive
585 2871 789 2944 superstitione,

185 2948 246 3005 Aut
259 2950 313 3007 alio
326 2950 427 3007 mentis
440 2950 536 3006 morbo
550 2950 635 3018 calet;
658 2949 713 3005 huc
726 2945 839 3024 propius
852 2968 908 3022 me,
1078 2950 1119 3008 Sl)

185 3023 261 3082 Dum
275 3028 362 3085 doceo
376 3029 498 3085 insanire
508 3048 615 3100 omues,
627 3048 675 3085 vos
687 3028 785 3085 ordine
799 3028 881 3084 adite.

185 3102 286 3159 Danda
299 3117 341 3162 est
354 3107 467 3164 ellebori
482 3105 569 3164 multb
584 3127 648 3183 pars
661 3108 781 3164 maxima
795 3107 900 3163 avaris:

183 3179 288 3237 Nescio
302 3202 337 3238 an
350 3184 512 3258 Anticyram
526 3187 596 3243 ratio
609 3187 662 3243 illis
676 3187 795 3243 destinet
807 3203 927 3243 omnem.

185 3257 320 3317 Haeredes
335 3262 444 3318 Staberi
459 3281 594 3319 summam
610 3264 735 3321 incidire
749 3265 891 3339 sepulcro:

184 3337 223 3395 Ni
237 3338 277 3395 sic
291 3339 432 3410 fecissent,
446 3340 628 3414 gladiatorum
643 3344 709 3400 dare
723 3355 837 3399 centum
1076 3343 1116 3400 85

183 3414 315 3474 Damnati
328 3419 430 3493 populo
442 3418 528 3491 paria,
543 3429 624 3494 atque
637 3421 749 3494 epulum
764 3421 876 3479 arbitrio
889 3421 966 3493 Arri,

183 3493 329 3553 Frumenti
339 3508 473 3571 quantum
485 3498 564 3554 metit
576 3498 681 3554 Africa.
719 3499 783 3555 Sive
797 3519 850 3575 ego
862 3497 957 3575 prave,

184 3574 241 3631 Seu
254 3572 341 3647 recte,
355 3577 408 3632 hoc
421 3576 503 3647 volui,
517 3596 554 3634 ne
567 3577 605 3633 sis
618 3586 731 3650 patruus
744 3578 830 3634 mihi!
871 3578 965 3638 Credo

184 3653 249 3710 Hoc
262 3652 371 3712 Staberi
383 3655 548 3730 prudentem
562 3655 686 3712 animum
699 3655 832 3713 vidisse..
845 3658 869 3714 .'¹
884 3657 993 3720 “Quid
1005 3676 1074 3734 ergo

184 3732 288 3806 Sensit,
300 3752 386 3809 quum
398 3752 536 3792 summam
549 3733 698 3811 patrimoni
711 3734 868 3812 insculpere
881 3755 949 3794 saxo
1073 3736 1113 3795 90
