2444 4216
388 220 629 272 nrrsromrrurr
646 223 711 272 ma.
728 225 748 274 r.
767 228 804 275 rr.
1018 233 1074 290 163

144 366 162 394 “
174 362 238 421 Neo
253 364 356 421 furtum
370 365 433 438 feei,
447 360 501 424 neo
515 367 601 443 firgi‚”
616 367 640 424 si
654 369 722 425 mihi
736 369 812 426 dieat

135 444 265 500 Servus:
288 448 306 474 “
321 444 417 501 Habes
430 447 558 520 pretium,
571 447 636 504 loris
650 466 706 505 non
721 448 836 519 ureris‚'’
852 447 903 504 a‘o.

142 525 161 552 “
173 520 240 579 Non
254 523 393 579 hominem
407 525 526 580 oceidi.’'
569 530 586 554 “
602 525 667 582 Non
681 545 779 600 pasees
793 527 821 584 in
836 545 920 584 oruoe
934 531 1057 587 eorvosJ’

143 604 161 630 “
176 601 246 657 Sum
260 602 348 658 bonus
358 614 387 658 et
400 601 500 677 frugi.’'
542 602 651 660 Renuit
665 618 748 678 negat
762 617 843 679 atque
855 605 999 663 Sabellus:

144 683 162 710 “
174 678 281 736 Cautus
290 680 369 736 'enim
383 682 483 737 metuit
497 681 603 737 soveam
616 682 707 757 lupus,
721 684 907 759 accipiterque
1032 687 1072 742 5⁰

143 758 428 834 Suspeetoslaqueos,
442 771 470 816 et
482 771 609 834 opertum
615 761 724 816 ‘miluus
738 762 859 820 hamum.

141 834 272 893 Oderunt
284 856 402 911 peceare
417 839 482 895 boni
496 838 603 894 virtutis
617 858 710 896 amore
722 859 729 908 ;

141 913 189 970 Tu
202 916 272 981 nihil
287 917 417 972 admittes
431 917 459 972 in
474 929 501 972 te
515 917 662 974 formidine
676 937 774 992 poenae.

143 993 186 1051 Sit
199 1014 264 1069 spes
276 995 400 1065 fallendi,
415 996 546 1052 miscebis
559 1015 640 1053 saera
651 996 781 1072 profanis.
830 1005 833 1020 ¹

141 1071 215 1129 Nam
230 1075 265 1129 de
280 1074 355 1129 mille
370 1074 439 1130 fabae
455 1075 553 1132 modiis
567 1094 652 1149 quum
666 1077 780 1150 surripis
794 1093 891 1149 unum,
1032 1079 1071 1135 55

141 1150 283 1208 Damnum
297 1163 348 1222 est,
362 1171 418 1210 non
433 1153 551 1224 facinus
566 1155 634 1210 mihi
647 1165 729 1228 paeto
741 1155 833 1210 lenius
847 1155 925 1212 isto.”
950 1156 952 1159 ’

141 1229 192 1287 Vir
207 1231 305 1302 bonne,
319 1250 402 1288 omne
417 1232 507 1287 forum
521 1251 605 1306 quem
619 1242 726 1307 spectat
738 1244 766 1288 et
779 1251 863 1289 omne
877 1233 1006 1306 tribunal,

69 1369 72 1375 ,
140 1308 377 1383 Quandocumque
391 1310 459 1365 deos
473 1310 514 1365 vel
548 1328 613 1366 oreo
627 1311 669 1367 vel
685 1311 753 1367 bove
765 1311 865 1387 placat,

128 1391 159 1444 .“
171 1386 243 1445 Jane
257 1390 352 1465 pater?
368 1386 453 1458 clare,
467 1389 542 1445 clare
557 1407 643 1463 quum
656 1390 726 1448 dixit
740 1394 757 1420 “
773 1389 909 1465 Apollo'’;

106 1509 107 1512 ,
141 1466 233 1523 Labra
248 1478 349 1536 movet,
363 1478 491 1523 metuens
505 1468 612 1524 audiri:
634 1472 651 1498 “
666 1469 787 1526 Pulchra
801 1469 937 1540 Lauerna,
1033 1470 1072 1527 60

101 1612 106 1621 x
141 1545 187 1602 Da
200 1545 270 1601 mihi
284 1545 387 1616 fallere,
402 1546 438 1602 da
449 1546 555 1621 justum
569 1559 751 1622 sanctumque
765 1547 851 1604 videri
1071 1543 1073 1547 ’

141 1623 263 1681 Noctem
277 1625 400 1700 peccatis
412 1636 441 1681 et
455 1624 598 1681 fraudibus
611 1626 703 1701 objice
717 1627 848 1683 nubem!’

140 1702 202 1765 Qut
217 1704 313 1760 melior
327 1722 414 1775 servo,
429 1703 476 1778 qui
490 1704 602 1762 liberior
615 1706 650 1760 sit
664 1724 771 1778 avarus,

142 1781 177 1838 In
191 1782 278 1838 triviis
292 1783 377 1839 fixum
391 1802 476 1857 quum
490 1803 520 1840 se
534 1785 654 1841 demittit
666 1785 812 1856 obessem,

140 1860 207 1918 Nou
222 1862 317 1918 video:
338 1880 403 1918 nam
417 1863 463 1936 qui
477 1865 580 1938 cupiet,
592 1854 698 1920 metuet
711 1882 835 1938 quoque3
856 1860 949 1938 porrd,
1033 1863 1071 1918 65

140 1940 200 2002 Qui
214 1952 342 1998 metuens
355 1941 429 2012 vivit,
443 1942 513 1998 liber
527 1942 595 1998 mihi
609 1962 665 1998 non
680 1943 732 1999 erit
746 1959 876 2016 unquam.

141 2018 266 2076 Perdidit
279 2039 364 2091 arma,
378 2021 471 2076 locum
486 2021 594 2076 virtutis
607 2021 739 2091 deseruit,
753 2020 801 2094 qui
891 2061 893 2065 ι

142 2099 258 2174 Semper
272 2100 301 2156 in
316 2099 445 2174 augendi
460 2099 571 2156 festinat
583 2110 612 2154 et
621 2100 746 2155 obruitur
759 2119 798 2156 re.

141 2177 272 2234 Vendere
285 2196 370 2253 quum
384 2178 472 2252 possis
486 2177 636 2252 captivum,
650 2179 779 2235 occidere
800 2177 876 2235 noli:

141 2256 249 2313 Serviet
262 2256 382 2313 utiliter:
404 2257 463 2313 sine
476 2267 573 2332 paseat
586 2258 672 2314 durus
685 2268 814 2332 aretque3
1034 2257 1072 2312 70

110 2381 113 2385 ,
140 2333 261 2411 Naviget
277 2356 310 2393 ao
323 2335 423 2392 mediis
437 2336 540 2393 hiemet
554 2349 690 2394 mereator
701 2337 730 2393 in
745 2337 828 2393 undis
836 2356 844 2405 ;

140 2413 271 2470 Annona
284 2415 387 2490 prosit3
408 2426 497 2489 portet
510 2416 648 2472 frumenta
661 2434 811 2490 penusque.

179 2493 231 2549 Vir
245 2493 335 2549 bonus
345 2504 373 2548 et
382 2494 496 2566 sapiens
504 2495 623 2549 'audebit
637 2495 750 2548 dicere:
772 2498 789 2522 ‘⁶
800 2491 937 2561 Penthea,

141 2571 249 2637 Rector
263 2570 436 2639 Thebarum,
450 2571 516 2644 quid
531 2589 576 2625 me
589 2571 710 2643 perferre
723 2571 834 2644 patique

141 2647 295 2724 indignum
318 2649 441 2722 eogesV'
484 2648 654 2704 “Adimam
670 2649 769 2705 bona.''
811 2648 953 2724 “Nempe
974 2670 1072 2726 pecus,

215 2746 291 2799 rem,
1032 2730 1072 2786 75

141 2807 252 2877 Lectos,
267 2817 427 2881 argentum:
449 2805 527 2862 tollas
539 2806 632 2862 lioet.”
674 2810 692 2837 “
707 2804 743 2863 In
756 2807 874 2863 manicis
887 2818 916 2864 et

141 2885 334 2962 Compedibus
347 2903 420 2941 saevo
434 2895 461 2940 te
475 2885 526 2940 sub
540 2886 655 2942 custode
669 2886 797 2942 tenebo.'’

143 2969 161 2996 “
175 2964 240 3040 Ipse
254 2965 333 3034 deus,
348 2962 429 3020 simul
445 2974 524 3038 atque
538 2964 637 3034 volam,
652 2983 696 3019 me
710 2963 821 3020 solvet.''
862 2962 980 3038 Opinor,

143 3042 207 3101 Hoc
220 3043 313 3115 sentit,
328 3047 345 3073 “
358 3040 480 3100 Moriar'’
492 3062 498 3111 ;
519 3060 592 3099 mors
606 3042 703 3098 ultima
716 3042 791 3098 linea
803 3059 896 3099 rerum
909 3054 964 3100 est.

433 3318 787 3415 nrrsromxvm
864 3401 866 3406 ,
958 3355 961 3359 ·

500 3496 538 3535 ΔΙ)
552 3496 683 3538 SGAEVAM.

116 3617 119 3620 ’
143 3597 295 3667 Qunnvrs,
310 3595 417 3667 Saeva,
430 3594 497 3653 satis
510 3616 558 3672 per
568 3607 596 3653 te
610 3596 660 3653 tibi
674 3595 807 3666 consulis,
820 3608 849 3655 et
861 3597 917 3653 seis

143 3677 213 3740 Quo
225 3675 339 3733 tandem
351 3685 433 3751 paeto
446 3675 544 3731 deceat
554 3674 704 3749 majoribus
713 3674 764 3746 uti,

144 3755 242 3827 Disce,
256 3754 400 3811 doeendus
412 3752 514 3826 adhue,
527 3771 589 3827 que
602 3761 700 3810 censet
711 3753 867 3822 amioulus;
887 3763 919 3810 ut
931 3754 956 3810 si
983 3760 985 3773 ¹
