2444 4216
307 462 958 568 Q.HORAT11FLACCI'

465 720 552 804 mas
588 720 796 786 Poaurcx.

526 1125 530 1157 l

539 1210 721 1250 nnrrscuas.

183 1313 318 1372 Humano
329 1312 413 1389 capiti
427 1311 567 1369 cervicem
577 1311 667 1388 pictor
675 1311 808 1387 equinam

182 1393 309 1468 langere
323 1393 346 1449 si
360 1391 433 1463 velit,
447 1401 476 1449 et
489 1391 579 1448 varias
592 1391 728 1448 inducere
742 1389 863 1466 plumas*

185 1472 314 1546 Undique
327 1471 437 1528 collatis
451 1469 593 1542 membris,
608 1479 639 1526 ut
652 1470 769 1545 turpiter
783 1481 874 1528 atrum

183 1550 303 1608 Desinat
316 1550 344 1607 in
359 1550 467 1625 piscem
480 1549 581 1607 mulier
595 1549 716 1607 formosa
726 1547 858 1625 supernd,

183 1631 348 1706 Spectatum
362 1629 476 1686 admissi
490 1629 577 1685 risum
591 1628 721 1706 teneatis,
736 1629 842 1685 amicil
928 1680 931 1685 ⁴
979 1660 982 1663 ·

184 1708 309 1779 Credite,
323 1707 449 1779 Pisones,
460 1707 506 1765 isti
515 1707 617 1764 tabulae
632 1707 690 1764 sore
701 1707 803 1764 librum
953 1777 957 1786 ,

183 1787 368 1859 Persimilem,
381 1786 472 1862 cujus,
485 1785 561 1844 velut
574 1785 641 1862 aegri
650 1785 771 1858 somnia,
786 1806 864 1843 vanae

184 1867 341 1944 Fingentur
356 1867 464 1942 species
472 1885 479 1936 ;
501 1875 532 1923 ut
545 1883 599 1922 nec
611 1883 672 1941 pes,
686 1881 740 1920 nec
754 1876 838 1940 caput
852 1866 902 1923 uni

185 1947 333 2003 Reddatur
347 1944 650 2003 formae.-l'-ict0ribus
663 1954 747 2018 atque
759 1944 851 2020 poetis

184 2024 333 2087 Quidlibet
347 2024 469 2081 audendi
483 2042 594 2101 semper
604 2023 656 2081 fuit
670 2042 748 2098 aequa
758 2035 928 2099 potestas-
1088 2025 1125 2082 10

164 2133 166 2139 v
186 2103 309 2174 Scimus,
322 2113 350 2159 et
364 2103 437 2158 hanc
448 2104 559 2160 veniam
572 2104 747 2179 petimusque
762 2103 915 2178 damusque
929 2102 1068 2174 vicissim;
1163 2158 1164 2161 ,

186 2182 244 2239 Sed
257 2201 315 2239 non
328 2190 360 2237 ut
372 2181 491 2255 placidis
504 2185 608 2238 coeant
621 2182 740 2239 immitia
748 2201 755 2251 ;
777 2202 833 2240 non
848 2194 879 2239 ut

187 2263 339 2336 Serpentes
353 2260 449 2317 avibus
462 2259 651 2335 geminentur,
665 2261 784 2335 tigribus
795 2261 869 2335 agni.

225 2339 350 2416 Inceptis
363 2339 494 2416 gravibus
506 2336 671 2415 plerbmque
684 2348 713 2396 et
726 2359 828 2414 magna
838 2341 970 2414 professis

186 2420 357 2496 Purpureus,
371 2416 427 2476 late
442 2418 490 2494 qui
504 2417 660 2494 splendeat,
675 2437 749 2475 unus
762 2428 791 2474 et
805 2419 874 2476 alter
1088 2421 1127 2477 15

186 2499 319 2557 Assuitur
332 2517 462 2574 pannus;
483 2516 569 2573 quum
581 2498 664 2554 lucus
677 2508 705 2554 et
719 2516 766 2554 ara
780 2496 891 2569 Dianae‚

187 2579 225 2637 Et
236 2578 411 2655 properantis
425 2596 504 2652 aque
517 2596 567 2652 per
581 2596 706 2634 amoenos
720 2577 840 2634 ambitus
853 2597 944 2653 agros,

187 2660 248 2717 Aut
260 2655 365 2714 flumen
380 2656 526 2727 Rhenum,
541 2667 589 2714 aut
598 2657 708 2732 pluvius
721 2656 889 2713 describitur
904 2675 1004 2714 arcus:

188 2738 246 2796 Sed
260 2755 337 2794 nunc
350 2754 407 2793 uon
421 2745 481 2792 erat
495 2735 538 2791 his
551 2735 638 2792 lucus.
680 2734 717 2791 Et
732 2735 846 2793 fortasse
857 2754 1020 2811 cupressum

188 2817 253 2874 Scis
266 2816 416 2874 simulare:
436 2813 504 2888 quid
518 2814 583 2885 hoc,
597 2814 620 2870 si
635 2813 729 2870 fractis
743 2825 838 2871 enatat
851 2833 950 2889 exspes
1085 2814 1126 2872 20

187 2893 324 2968 Navibus,
335 2913 394 2953 aere
404 2895 470 2951 dato
480 2893 529 2968 qui
542 2893 686 2969 pingiturl
706 2893 850 2967 Amphora
865 2893 950 2968 coepit

188 2972 318 3043 Institui;
340 2984 471 3032 currente
484 2973 545 3031 rotis
559 2992 609 3030 cur
619 2990 722 3029 urceus
735 2971 813 3030 exitl

189 3051 318 3127 Denique
333 3053 377 3123 sit,
391 3052 528 3128 quodvis,
541 3051 660 3128 simplex
672 3051 808 3108 duntaxat
820 3062 849 3108 et
859 3067 954 3107 unum.

228 3127 354 3186 Maxima
366 3150 430 3206 pars
443 3141 547 3203 vatum,
561 3142 649 3206 pater,
663 3140 692 3187 et
702 3129 820 3206 juvenes
833 3141 910 3205 patre
924 3128 1014 3205 digni,

189 3206 354 3282 Decipimur
368 3207 462 3282 specie
476 3210 562 3266 recti:
585 3209 677 3267 brevis
690 3228 751 3266 esse
765 3209 870 3281 laboro,
1087 3209 1127 3266 25

189 3287 336 3344 Obscurus
348 3285 401 3343 fio:
423 3296 578 3343 sectantem
592 3288 664 3345 levia
677 3287 755 3344 nervi

83 3400 84 3405 κ
189 3365 334 3426 Deficiunt
348 3364 503 3440 animique:
523 3365 664 3440 professus
678 3365 796 3442 grandia
808 3378 917 3442 turget:

191 3444 284 3522 Serpit
297 3443 374 3501 humi
388 3453 464 3500 tutus
477 3440 597 3501 nimium
611 3445 779 3519 timidusque
793 3446 930 3519 procelle.

189 3525 250 3588 Qui
264 3524 369 3582 variare
383 3523 461 3597 cupit
473 3542 533 3581 rem
546 3522 734 3598 prodigialiter
748 3542 843 3595 unam,

192 3604 365 3681 Delphinum
379 3601 455 3659 silvis
469 3601 604 3679 appingit,
619 3600 750 3659 fluctibus
764 3620 871 3678 aprum.

192 3682 227 3740 In
241 3683 338 3740 vitium
352 3680 431 3739 ducit
443 3682 534 3757 culpae
548 3681 624 3757 luga,
637 3681 661 3738 si
675 3691 751 3738 caret
765 3692 832 3739 arte.
