2444 4216
442 194 473 251 Q,
491 191 636 242 nonam
652 191 776 242 macer

395 336 562 394 Refrenare
574 334 730 408 licentiam,

238 416 340 476 Clarus
352 415 534 491 postgenitis:
553 425 704 489 quatenus,
718 417 774 472 heu
788 415 883 474 nefasl

396 494 537 550 Virtutem
551 493 723 551 incolumem
736 494 859 569 odimus,

240 573 386 633 Sublatam
399 592 434 629 ex
448 573 539 629 oculis
551 573 712 646 querimus,
726 573 823 633 invidi.

347 706 349 711 .
395 650 476 712 Quid
490 652 584 709 tristes
596 652 789 726 querimonia,

240 733 271 791 Si
284 751 342 790 non
356 731 495 806 supplicio
507 730 591 806 culpa
604 730 759 789 reciditurl

395 809 476 871 Quid
489 809 576 885 leges,
590 809 652 866 sine
665 810 790 868 moribus

240 891 341 961 Vanae,
355 888 525 965 proficiuntl
546 889 569 944 si
584 907 675 962 neque
690 890 804 948 fervidis

395 967 464 1024 Pars
477 967 587 1025 inclusa
600 967 741 1025 caloribus
832 972 833 979 ’

240 1047 353 1121 Mundi,
367 1065 422 1104 nec
436 1046 532 1104 Boreae
543 1045 693 1103 finitimum
707 1047 791 1120 latus,

396 1125 566 1200 Durataeque
581 1125 639 1201 eplo
653 1126 741 1198 nives,
825 1164 828 1171 ι

241 1204 429 1263 Mercatorem
443 1204 580 1280 abigunt?
602 1205 714 1280 horrida
727 1205 823 1263 callidi

399 1283 527 1343 Vincunt
540 1301 652 1358 aequora
665 1286 785 1342 navitael

240 1362 380 1440 Magnum
394 1363 542 1438 pauperies
554 1363 733 1437 opprobrium
744 1364 828 1440 jubet

396 1441 518 1502 Quidvis
532 1452 560 1498 et
575 1441 666 1498 facere
680 1454 709 1500 et
721 1444 794 1518 pati,

230 1522 415 1597 ,virtutisque
429 1519 502 1576 viam
516 1519 644 1577 deserere
659 1522 775 1578 arduael

397 1598 451 1655 Vel
466 1617 518 1654 nos
531 1598 559 1655 in
574 1599 755 1676 Capitolium,

241 1677 311 1742 Quo
325 1679 430 1736 clamor
443 1687 524 1734 vocat
537 1688 566 1734 et
578 1680 659 1736 turba
674 1681 838 1755 faventium,

397 1756 451 1813 Vel
467 1775 519 1813 nos
534 1756 563 1812 in
578 1775 653 1814 mare
666 1762 825 1834 proximum

241 1838 386 1909 Gemmas,
399 1847 428 1893 et
440 1835 557 1910 lapides,
573 1853 669 1894 aurum
683 1850 711 1896 et
724 1840 836 1912 inutile,

399 1914 510 1972 Summi
523 1914 667 1971 materiam
681 1918 758 1990 mali,

242 1994 399 2068 Mittamus,
414 1995 552 2051 scelerum
566 1994 589 2051 si
604 1993 677 2050 bene
688 1990 814 2069 penitet.

398 2073 550 2130 Eradenda
564 2072 704 2148 cupidinis

242 2153 324 2211 Pravi
338 2163 404 2209 sunt
418 2153 573 2221 elementa3
594 2164 623 2210 et
637 2163 740 2211 tenera
751 2156 839 2214 nimis

399 2229 512 2287 Mentes
526 2232 713 2306 asperioribus

241 2310 410 2370 Formandae
424 2309 531 2367 studiis.
566 2309 667 2366 Nescit
680 2329 753 2385 equo
767 2315 844 2372 rudis

398 2389 516 2446 Haerere
529 2389 671 2465 ingenuus
683 2407 763 2464 puer,

243 2469 404 2548 Venerique
418 2469 513 2540 timet;
534 2468 632 2526 ludere
645 2468 763 2542 doctior,

400 2552 458 2608 Seu
471 2549 573 2607 Graeco
583 2549 683 2624 jubeas
698 2550 807 2623 trocho,

244 2632 302 2689 Seu
316 2631 397 2688 malis
411 2630 496 2687 vetiti
511 2629 621 2704 legibus
635 2628 714 2686 alei:

398 2708 498 2769 Quum
512 2708 623 2783 perjura
635 2708 722 2782 patris
736 2707 807 2766 fides

243 2789 409 2846 Conscrtem
424 2786 531 2843 socium
546 2785 623 2841 fallat
636 2797 665 2841 et
678 2787 827 2861 hospitem,

400 2864 578 2941 Indignoque
591 2864 743 2939 pecuniam

244 2946 360 3006 Haeredi
372 2955 509 3023 properet.
543 2943 659 3000 Scilicet
672 2941 806 3017 improbar

400 3025 540 3083 Crescunt
554 3023 674 3092 divitiae:
694 3032 789 3079 tamen

244 3105 340 3163 Curta
353 3105 450 3162 nescio
462 3104 529 3179 quid
543 3118 653 3179 semper
666 3101 746 3160 abest
758 3100 808 3160 rei.

473 3289 758 3309 ῠ-ι--ᾟ

525 3415 609 3474 ODE
629 3417 714 3478 XIX.

516 3555 556 3595 An
571 3556 721 3598 BACCHUM.

401 3654 471 3721 Qud
484 3677 541 3731 me,
555 3656 678 3729 Bacche,
691 3657 766 3735 rapis
778 3655 820 3717 tui

246 3739 386 3800 Plenum'l
404 3738 480 3802 Qua
492 3756 617 3810 nemora,
630 3753 699 3812 quos
713 3757 780 3815 agor
793 3738 825 3798 in
838 3755 948 3816 specus,
