2444 4216
438 188 468 244 Q.
486 185 630 234 HORATII
645 187 766 236 FLACCl

271 330 375 388 Pacem
389 328 482 386 duello
494 331 612 387 miscuit.
643 329 671 385 Ο
684 332 788 405 pudor!

309 409 337 466 Ο
352 426 453 483 magna
466 408 617 484 Carthago,
632 411 771 484 probrosis

348 486 439 543 Altior
454 486 542 543 Italiae
556 487 644 544 ruinis
654 490 680 544 !'’

271 564 371 622 Fertur
384 566 493 640 pudicae
508 567 636 643 conjugis
649 568 787 640 osculum,

271 644 428 718 Parvosque
443 656 531 712 natos,
546 656 576 701 ut
590 646 688 720 capitis
702 648 802 720 minor,

310 723 356 778 Ab
370 742 400 779 se
413 724 572 794 removisse,
586 739 615 781 et
628 725 732 781 virilem

348 801 459 858 Torvus
473 803 551 858 humi
565 802 690 878 posuisse
703 804 826 861 vultum:

270 879 370 938 Donec
383 881 511 937 labantes
524 881 641 938 consilio
654 895 747 957 patres

269 959 407 1017 Firmaret
421 972 517 1041 auctor
532 979 674 1034 nunquam
688 960 758 1019 alins
771 962 846 1034 dato,
861 982 884 1025 fr
930 1010 934 1019 .
1004 984 1008 991 ¹

308 1030 603 1112 Interque'r'riiarentcs
618 1040 722 1097 amicos

346 1117 484 1193 Egregius
497 1131 657 1194 properaret
670 1119 757 1177 castil.

269 1196 357 1272 Atqui
370 1198 477 1254 sciebat
489 1216 552 1272 quae
565 1199 616 1255 sibi
632 1199 765 1255 barbarus

268 1274 370 1334 Tortor
384 1287 509 1351 pararet:
531 1296 586 1333 non
602 1278 679 1334 aliter
693 1289 788 1335 manen

306 1354 430 1412 Dimovit
443 1356 585 1413 obstantes
618 1357 796 1434 propinquos,

345 1433 382 1491 Et
395 1434 526 1509 populum
541 1436 646 1492 reditus
660 1450 825 1509 morantem,

267 1510 364 1574 Quam
379 1513 403 1568 si
416 1513 552 1570 ciicntirm
567 1514 651 1588 longa
665 1515 777 1590 negotia

267 1590 430 1666 Dijudicatfa
443 1593 491 1649 lite
505 1593 684 1666 relinqueret,

306 1669 443 1728 Tendens
457 1672 633 1729 Venafranos
647 1675 676 1730 in
691 1691 781 1748 agros,

343 1751 403 1807 Aut
417 1751 663 1809 Lacedaemonium
678 1751 843 1809 Tarentum.

516 2067 599 2125 ODE
619 2066 672 2124 VI.

497 2205 537 2243 An
552 2204 702 2244 Romanoa.

263 2303 398 2362 Datrcra
412 2304 547 2380 majorum
563 2305 718 2361 immeritus
729 2305 802 2377 lues,

263 2385 404 2456 Romane,
420 2385 513 2440 donec
526 2383 629 2458 templa
643 2383 783 2455 refeceris,

302 2463 445 2539 AEdesque
459 2462 585 2520 labentes
599 2463 725 2533 deorum,
740 2472 768 2519 et

342 2543 430 2600 Foeua
443 2543 524 2618 nigro
535 2541 685 2598 simulacra
699 2541 783 2599 fumo.

263 2622 317 2680 Dis
330 2634 357 2680 te
372 2623 506 2679 minorem
521 2618 597 2698 quod
611 2621 694 2697 geria,
708 2621 844 2698 imperas:

206 2745 210 2751 .
263 2702 341 2758 Hinc
354 2719 437 2757 omne
448 2700 629 2775 principium,
644 2701 701 2756 huc
714 2700 786 2759 refer
799 2701 913 2760 exitum.

302 2778 340 2836 Di
355 2778 442 2834 muita
456 2779 578 2853 neglecti
589 2779 728 2835 dederuut

340 2857 486 2932 Hesperiae
500 2856 574 2912 mala
587 2856 731 2911 luctuosae.

263 2938 327 2995 Jam
341 2937 384 2993 bis
397 2935 538 2994 Moneses
552 2946 580 2992 et
594 2935 693 3009 Pacori
707 2953 808 2992 manus

262 3016 328 3074 Non
344 3018 501 3092 auspicatos
513 3014 641 3073 contudit
652 3013 773 3090 impetus

302 3095 429 3165 Nostros,
444 3108 472 3153 et
486 3096 622 3171 adjecisse
636 3095 760 3170 praedam

339 3173 500 3248 Torquibus
513 3174 622 3248 exiguis
635 3175 752 3231 renidetu

262 3250 340 3308 Pene
353 3264 519 3325 occupatam
533 3253 718 3310 seditionibus

263 3331 373 3388 Delevit
387 3331 482 3386 urbem
498 3329 594 3387 Dacus
608 3344 636 3389 et
651 3331 798 3408 AEthiopa3

302 3409 360 3466 Hic
374 3410 462 3467 classe
478 3409 649 3482 formidatus,
664 3411 710 3468 ille

340 3487 493 3546 Missilibus
507 3491 603 3546 melior
616 3490 732 3565 sagittis.

264 3567 409 3626 Foecunda
423 3570 512 3645 cuipae
527 3570 629 3626 saccula
643 3568 754 3644 nuptias

263 3646 387 3705 Primum
403 3647 583 3722 inquinavere
596 3661 624 3706 et
637 3668 728 3725 genus
740 3658 770 3706 et
782 3648 897 3707 domna:

302 3727 366 3786 Hoc
380 3728 454 3785 sonte
468 3730 591 3787 derivata
604 3730 698 3786 clades

1066 2622 1088 2682 5
