2444 4216
140 211 195 272 188
453 208 484 267 u
501 208 645 258 nostru
662 208 792 258 rancor.

176 352 231 410 Pes
244 353 333 424 citus;
354 354 430 411 unde
443 353 528 410 etiam
541 351 673 410 trimetris
686 371 849 410 accrescere
860 352 942 428 jussit

175 431 290 491 Nomen
304 432 434 504 Iambeis‚
448 450 534 508 quum
548 450 630 488 senos
643 431 772 488 redderet
785 432 868 504 ictus,

176 511 287 569 Primus
300 513 336 569 ad
350 522 503 569 extremum
518 509 617 567 similis
631 509 700 567 sibi:
721 529 778 567 non
792 511 830 568 ita
843 511 962 586 pridem,

176 589 297 648 Tardior
307 601 338 646 ut
350 586 434 665 pauld
448 590 612 666 graviorque
625 590 733 648 veniret
746 590 780 646 ad
795 609 887 662 aures,

177 670 321 746 Spondeos
332 669 444 726 stabiles
459 670 488 726 in
500 669 564 744 jura
576 680 693 743 paterna
705 669 811 744 recepit

177 748 348 807 Commodus
361 759 390 805 et
402 748 529 824 patiens;
550 766 608 805 non
622 759 653 804 ut
663 748 699 804 de
712 748 779 805 sede
790 749 916 806 secunda

64 843 76 850 “
176 826 297 883 Cederet
311 836 359 883 aut
371 827 470 901 quarttl
484 826 630 884 socialiter.
672 825 731 883 Hic
742 837 772 884 et
784 827 815 884 iu
829 825 903 885 Acci

177 904 326 962 Nobilibus
340 906 472 964 trimetris
486 917 600 981 apparet
613 924 701 977 rarus,
715 916 745 963 et
757 904 843 962 Enni.

175 982 210 1040 In
224 1003 339 1042 scenam
353 985 453 1042 missis
466 1003 644 1060 magnacum
655 986 778 1059 pondere
782 1003 897 1063 stersus,

175 1065 236 1120 Aut
249 1083 340 1139 operae
355 1064 454 1122 celeris
468 1062 587 1122 nimiirm
601 1063 725 1138 curaque
739 1065 870 1136 carentis,
940 1131 946 1136 ,

176 1142 236 1200 Aut
249 1143 381 1220 ignoratur
395 1144 496 1219 premit
506 1143 572 1200 artis
586 1143 704 1199 crimine
718 1143 798 1217 turpi.

174 1219 242 1278 Non
255 1222 345 1297 quivis
358 1223 434 1280 videt
447 1221 629 1279 immodulata
641 1225 771 1296 poemata
782 1222 884 1297 judex3

175 1298 213 1357 Et
226 1301 291 1358 data
305 1301 443 1359 Romanis
456 1302 538 1358 venia
550 1312 593 1357 est
606 1301 721 1376 indigna
735 1302 832 1376 poetis.

175 1377 324 1437 Idcircone
338 1399 431 1456 vager,
445 1376 621 1454 scribamque
634 1379 762 1451 licenter,
777 1391 807 1436 ut
820 1399 917 1437 omnes

175 1457 293 1515 Visuros
305 1470 422 1534 peccata
435 1470 530 1534 putem
545 1477 617 1528 mea,
631 1469 717 1529 tutus,
732 1469 760 1515 et
771 1460 843 1515 intra

176 1537 261 1612 Spem
273 1538 361 1594 veniae
375 1549 475 1594 cautus
485 1540 514 1594 l«
538 1537 632 1594 Vitari
646 1537 767 1611 denique
781 1538 903 1612 culpam,

81 1633 83 1640 ·
137 1616 141 1633 ‘
176 1614 243 1673 Non
257 1616 369 1673 laudem
383 1617 481 1697 merui.
523 1616 582 1673 Vos
596 1617 765 1691 exemplaria
778 1616 879 1673 Graeca

175 1693 324 1752 Nocturna
337 1706 443 1752 versate
458 1714 554 1767 manu,
569 1707 676 1751 versate
691 1695 801 1752 diurnis.

107 1815 109 1822 -
175 1775 215 1831 Ar
230 1775 310 1831 vestri
324 1775 422 1850 proavi·
432 1773 578 1831 Plautinos
591 1785 619 1831 et
632 1793 764 1831 numeros
778 1786 807 1831 et
833 1791 835 1799 ⁴

176 1851 340 1911 Laudavdre
354 1853 435 1925 sales,
449 1850 569 1910 nimiirm
584 1853 720 1927 patienter
735 1865 894 1928 utrumque,

175 1932 222 1990 Ne
237 1934 329 1990 dicam
343 1929 437 2005 stulte,
449 1932 556 2002 mirati;
578 1932 602 1988 si
616 1929 700 1989 modd
713 1951 766 2007 ego
780 1944 808 1988 et
822 1951 870 1990 vos

177 2013 288 2068 Scimus
303 2013 470 2069 inurbanum
484 2012 578 2087 lepido
592 2031 726 2086 seponere
741 2012 825 2082 dicto,

175 2089 401 2166 Legitimumque
415 2111 515 2148 sonum
529 2091 626 2167 digitis
639 2090 783 2162 callemus,
797 2102 826 2147 et
839 2109 913 2148 aure·

214 2169 346 2244 Ignotum
360 2169 491 2244 Tragicae
501 2189 591 2246 genus
605 2170 746 2227 invenisse
760 2170 904 2227 Camoenae

175 2246 285 2305 Dicitur
310 2259 338 2305 et
351 2247 479 2323 plaustris
493 2249 600 2305 vexisse
614 2253 745 2323 poemata
758 2247 882 2324 Thespis

174 2325 235 2388 Qui
264 2338 399 2384 canerent
412 2339 582 2402 agerentque
596 2329 725 2401 peruncti
741 2328 857 2384 laecibus
870 2347 926 2384 ora,

176 2406 242 2463 Post
256 2408 341 2480 hunc,
357 2425 481 2483 personae
495 2406 630 2481 pallaeque
644 2416 767 2481 repertor
781 2407 915 2479 honestae,

176 2485 338 2561 AEschylus,
349 2496 377 2544 et
392 2487 509 2543 modicis
522 2486 649 2543 instravit
662 2485 769 2561 pulpita
782 2486 877 2561 tignis,

175 2565 213 2623 Et
224 2566 317 2624 docuit
328 2584 517 2641 magnumque
530 2565 605 2640 loqui
619 2565 724 2639 nitique
739 2566 885 2622 cothurno.

176 2646 320 2703 Successit
333 2656 414 2702 vetus
427 2646 470 2701 his
485 2644 642 2716 Comoedia,
657 2663 713 2702 non
729 2644 790 2701 sine
805 2644 895 2700 multd
919 2675 921 2678 ·

175 2726 272 2784 Laude
284 2745 291 2794 ;
312 2725 360 2781 sed
375 2725 404 2782 iri
418 2724 515 2780 vitium
530 2724 643 2780 libertas
657 2724 762 2780 excidit
775 2734 803 2780 et
814 2723 869 2780 vim

175 2804 298 2881 Dignam
312 2803 374 2879 lege
387 2803 461 2878 regi:
483 2803 528 2859 lex
543 2813 585 2859 est
599 2814 724 2877 accepta,
736 2803 892 2877 chorusque

174 2883 308 2960 Turpiter
321 2882 447 2954 obticuit,
462 2881 570 2939 sublato
581 2881 643 2957 jure
657 2882 786 2939 nocendi.

215 2963 264 3019 Nil
279 2964 446 3020 intentatum
460 2961 547 3019 nostri
560 2960 668 3036 liquere
681 2965 788 3035 po'c'tae:

175 3039 239 3097 Nec
252 3036 398 3099 minimum
415 3040 543 3099 meruere
556 3042 653 3112 decus,
667 3039 784 3116 vestigia
796 3039 896 3096 Graeca

176 3119 250 3175 Ausi
264 3120 391 3177 deserere
405 3131 433 3177 et
447 3121 589 3178 celebrare
603 3120 757 3177 domestica
772 3119 853 3189 lacta,

177 3197 230 3254 Vel
244 3197 292 3270 qui
305 3209 462 3271 praetextas,
474 3199 519 3254 vel
534 3200 582 3272 qui
596 3198 719 3256 docudre
733 3211 848 3273 togatas.

178 3275 243 3333 Nec
256 3274 356 3331 virtute
370 3273 570 3333 soret'clarisve
584 3280 725 3351 potentius
740 3277 833 3347 armis

176 3352 275 3417 Qutrn
289 3353 396 3428 lingula,
411 3353 532 3423 Latium,
547 3354 570 3409 si
585 3374 642 3412 uon
656 3356 811 3413 offenderet
824 3373 925 3412 unum·
1058 3355 1117 3411 290

178 3452 315 3523 quemque
328 3435 473 3509 poetarum
487 3432 561 3488 limas
576 3432 651 3489 labor
665 3446 693 3490 et
706 3452 791 3490 mora.
832 3433 902 3506 Vos,
915 3453 933 3491 ο

179 3513 333 3589 Pompilius
347 3512 469 3586 sanguis,
484 3530 598 3568 carmen
612 3512 807 3585 reprehendite
821 3514 896 3588 quod
910 3532 967 3570 non

180 3590 271 3649 Multa
284 3593 345 3650 dies
358 3602 388 3648 et
400 3592 488 3670 multa
501 3592 585 3648 litura
597 3590 734 3661 coercuit,
749 3602 832 3665 atque

180 3671 350 3728 Praesectum
364 3670 459 3728 decies
472 3691 528 3729 non
543 3668 687 3745 castigavit
700 3669 735 3726 ad
749 3688 883 3746 unguem.

220 3750 370 3826 Ingenium
383 3750 486 3808 misera
497 3751 564 3826 quia
578 3749 745 3808 fortunatius
759 3761 817 3808 arte
1060 3749 1120 3806 295
