2444 4216
437 206 640 259 sumtuum
657 206 721 259 Lm.
738 208 761 259 1.

112 368 120 415 j
145 349 288 409 Indcrmis
300 349 422 423 inhians,
436 361 464 409 et
476 362 609 429 tanquam
623 371 739 430 parcere
752 351 842 411 sacris

145 430 276 507 Cogeris,
291 440 338 488 aut
350 430 434 506 pictis
446 441 579 506 tanquam
592 433 717 508 gaudere
730 431 848 490 tabellis.

146 508 250 567 Nescis
263 527 317 585 quo
329 508 419 567 valeat
432 528 574 584 nummus,
587 529 672 586 quem
683 511 806 587 prebeat
818 510 920 567 usuml

145 587 232 647 Panis
245 598 363 662 ematur,
373 589 447 661 olus,
459 589 518 647 vini
530 590 682 657 sextarius:
703 591 786 663 adde,

144 667 239 730 Queis
253 668 376 726 humana
388 668 441 725 sibi
455 668 549 726 dolcat
561 679 662 731 natura
674 669 791 744 negatis.
809 734 811 738 ¹

145 745 195 804 An
209 747 322 824 vigilare
335 757 413 805 metu
426 747 595 820 exanimem,
609 758 760 823 noctesque
774 747 889 823 diesque

146 824 310 885 Formidare
323 827 412 885 malos
425 827 510 900 suras,
523 826 667 900 incendia,
680 844 784 897 servos,

145 904 194 964 Ne
207 916 235 963 tc
248 906 401 981 compilent
414 905 563 983 fugientes,
577 906 632 964 hoc
641 905 739 982 juvatl
759 905 858 962 horum

146 985 264 1060 Semper
278 1004 332 1062 ego
345 985 463 1061 optarim
477 986 669 1062 pauperrimus
682 1003 745 1042 esse
758 983 943 1041 bonorum.-

146 1063 198 1137 At‚
213 1064 237 1122 si
247 1064 392 1123 condoluit
405 1074 542 1123 tentatum
556 1063 658 1140 frigore
672 1081 783 1139 corpus,

146 1144 208 1200 Aut
221 1143 293 1201 alius
303 1162 385 1201 casus
398 1143 473 1202 lecta
486 1155 514 1202 te
530 1143 627 1216 affixit,
641 1143 729 1200 habes
741 1144 789 1217 qui

147 1222 291 1296 Assideat,
303 1222 427 1281 fomenta
437 1233 525 1298 paret,
539 1222 682 1278 medicum
695 1231 785 1296 roget,
798 1231 830 1277 ut
842 1230 870 1276 tc

148 1302 281 1374 Suscitet,
293 1319 327 1359 ac
340 1302 439 1358 reddat
451 1301 526 1359 natis
539 1300 666 1375 carisque
678 1299 841 1376 propinquis
847 1299 896 1356 l-
956 1328 959 1334 ,

147 1380 216 1439 Non
229 1400 298 1440 uxor
312 1381 419 1437 salvum
433 1391 460 1439 te
474 1379 542 1452 vult,
556 1398 613 1438 non
626 1379 717 1436 lilius:
736 1397 838 1438 omnes

146 1459 245 1518 Vicini
258 1460 388 1531 aderunt,
402 1459 471 1532 noti,
484 1459 565 1535 pueri
577 1469 660 1534 atque
673 1458 783 1534 puellm.

147 1537 271 1611 Miraris,
284 1557 371 1614 quum
384 1549 414 1596 tu
428 1549 545 1615 argento
557 1549 620 1614 post
632 1538 838 1614 omnipponas,

148 1620 180 1677 Si
194 1637 278 1677 nemo
290 1628 411 1695 prestet,
424 1636 509 1693 quem
522 1636 579 1685 noa
593 1618 736 1690 merearis,
751 1617 895 1677 amoreml

148 1699 208 1772 An,
222 1698 252 1756 si·
259 1708 403 1775 cognatos,
417 1697 607 1756 nullonatura
619 1697 714 1756 labore

147 1778 231 1840 Quos
243 1778 295 1836 tibi
308 1778 365 1849 dat,
379 1777 501 1835 retinere
514 1777 592 1850 velis,
606 1796 770 1853 servareque
784 1777 901 1848 amicos,

148 1857 251 1916 Infelix
263 1874 377 1933 operam
389 1857 499 1933 perdas,
513 1868 548 1915 ut,
557 1857 581 1916 si
594 1857 657 1934 quis
670 1857 787 1916 asellum

148 1935 184 1995 In
198 1954 299 2011 campo
311 1937 412 1994 doceat
424 1936 569 2013 parentem
582 1957 696 1996 currere
710 1936 825 1994 frenisl

147 2014 277 2091 Denique
291 2015 327 2074 sit
340 2016 405 2074 finis
417 2017 579 2091 quaerendi;
599 2034 709 2093 quoque
723 2016 827 2073 habeas
836 2013 911 2090 plus,

147 2094 313 2172 Pauperiem
324 2105 432 2152 metuas
445 2092 549 2167 minias,
564 2106 593 2153 et
605 2095 686 2153 linire
699 2095 824 2153 laborem

147 2173 283 2250 Incipias,
296 2186 375 2251 parto
388 2175 461 2249 quod
476 2176 593 2245 avebas3
614 2194 651 2233 ne
665 2175 752 2234 facias
763 2175 838 2250 quod

147 2252 308 2312 Ummidius
319 2253 444 2330 quidam,
457 2273 515 2312 uon
524 2254 609 2332 longa
621 2265 665 2313 est
678 2255 782 2329 labala,
794 2255 874 2313 dives

147 2333 187 2392 Ut
200 2334 343 2392 metiretur
357 2352 504 2405 nummos;
525 2335 564 2393 ita
577 2336 716 2407 sordidas,
729 2345 761 2393 ut
774 2336 812 2392 se'

147 2411 216 2470 Non
232 2432 353 2489 unquam
367 2432 446 2472 servo
458 2412 560 2472 melitis
573 2415 687 2473 vestiret
695 2435 702 2484 ;
725 2415 760 2470 ad
774 2430 863 2487 usque

148 2493 319 2568 Supremam
332 2502 452 2567 tempus,
467 2512 505 2550 ne
515 2512 546 2551 se
558 2494 677 2568 penuria
687 2491 778 2549 victsrs

146 2570 336 2649 Opprimeret,
351 2571 500 2629 metuebat.
535 2572 576 2628 At
589 2573 666 2627 hunc
678 2571 778 2626 liberta
791 2570 883 2628 securi

147 2649 252 2709 Divisit
265 2648 400 2723 medium,
415 2649 564 2706 fortissima
576 2648 854 2724 Tyndaridarum-
878 2672 880 2676 ·
1030 2649 1087 2706 100

147 2729 229 2792 Quid
243 2725 283 2785 ml
297 2727 382 2802 igitur
395 2728 516 2785 suadesl
537 2739 568 2786 ut
580 2729 670 2786 rivam
683 2728 713 2786 N
715 2729 818 2788 aeriusl
838 2738 886 2787 aut
899 2728 942 2786 sic

148 2807 187 2868 Ut
200 2807 400 2866 Nomentanus
406 2807 555 2884 l-Pergis
567 2809 723 2885 pugnantia
736 2827 851 2884 secum„
905 2812 910 2820 '

149 2886 301 2948 Frontibus
314 2886 436 2943 adversis
449 2889 637 2964 componerel
669 2886 737 2945 Nou
752 2906 815 2963 ego,
829 2904 944 2943 avarum

148 2966 248 3029 Quum
263 2976 325 3024 veto
338 2976 366 3023 te
379 2965 448 3040 fieri,
462 2986 580 3042 vappam
591 2966 677 3041 jubeo
691 2985 725 3023 ac
738 2964 916 3023 nebulonem.

149 3046 202 3105 Est
215 3047 288 3105 inter
301 3044 426 3103 Tanaim
437 3046 571 3121 quiddam
584 3062 769 3120 socerumque
783 3041 891 3101 Viselli.
1030 3047 1087 3104 105

149 3124 201 3184 Est
214 3125 313 3184 modus
326 3125 356 3182 in
370 3124 463 3197 rebus,
477 3134 543 3182 sunt
555 3123 626 3181 certi
639 3124 760 3200 denique
772 3122 854 3194 fines,

148 3204 232 3267 Quos
245 3205 317 3262 ultra
331 3204 456 3278 citraque
469 3203 566 3278 nequit
579 3203 733 3261 consistere
746 3213 866 3263 reclina.

189 3283 272 3358 Illuc,
286 3285 362 3342 unde
376 3283 443 3356 abii,
457 3283 549 3340 redeo.
584 3282 706 3341 Nemon'
721 3294 753 3341 ut
766 3301 865 3340 avarus

151 3364 188 3421 Se
202 3365 308 3462 probet,
323 3374 351 3421 at
363 3361 457 3438 potids
470 3362 566 3421 laudet
579 3362 688 3421 diversa
701 3363 870 3438 sequentesl

149 3441 294 3519 Quodque
308 3442 400 3500 aliena
412 3442 520 3518 capella
533 3451 612 3518 gerat
625 3442 773 3500 distentius
787 3442 866 3514 uber,
1030 3441 1088 3498 110

150 3520 314 3580 Tabescatl
335 3539 426 3596 neque
437 3540 467 3579 se
481 3521 579 3598 majori
592 3521 789 3599 pauperiorum

150 3600 257 3661 Turbae
271 3603 432 3676 comparetl
453 3602 529 3658 hunc
544 3611 626 3676 atque
640 3601 717 3656 hunc
730 3617 862 3674 superare
875 3597 1002 3656 laboret?

152 3681 202 3739 Sic
215 3679 359 3738 festinanti
372 3698 481 3755 semper
494 3679 658 3756 locupletior
671 3678 779 3737 obstat:

150 3760 199 3834 Ut,
212 3777 299 3837 quum
313 3759 473 3818 carceribus
485 3759 585 3819 missos
598 3757 670 3835 rapit
680 3758 785 3859 ungula
798 3775 907 3830 currus,
