2444 4216
438 203 636 253 CARMINUM
652 201 718 250 LIB.
736 203 758 252 1.

262 350 351 413 Quod
365 348 438 406 latus
451 348 550 404 mundi
564 345 675 402 nebulae
689 346 836 422 malusque

457 427 568 503 Jupiter
583 437 681 502 urget3

262 510 340 567 Pone
354 507 406 564 sub
420 525 503 564 curru
518 502 638 562 nimium
652 505 800 581 propinqui

263 589 346 658 Solis,
360 588 390 643 in
404 587 478 643 terri
492 584 622 643 domibus
637 586 757 660 negaui:
808 596 812 605 '

264 664 355 724 Dulce
370 667 508 723 ridentem
523 664 648 739 Lalagen
663 662 781 738 amabo,‘

457 743 550 802 Dulce
565 744 734 820 loquentem.

433 1100 438 1107 ι
513 1061 597 1120 ODE
611 1063 680 1120 XX.

486 1201 526 1238 An
548 1201 713 1240 VIRGILIUM.

263 1304 344 1365 Quis
358 1300 498 1357 desiderio
511 1300 547 1355 sit
559 1300 649 1374 pudor
663 1311 712 1357 aut
724 1301 824 1358 modus

265 1383 341 1440 Tam
356 1380 414 1437 cari
428 1379 547 1454 capitisl
580 1379 706 1456 Praecipe
719 1380 853 1456 lugubres

264 1463 382 1531 Cantus,
398 1458 585 1535 Melpomene,
600 1461 647 1516 cul
661 1460 795 1535 liquidam
808 1460 892 1519 Peter

344 1540 450 1598 Vocem
465 1558 529 1595 cum
544 1541 654 1597 cithari
668 1539 753 1596 dedit.

264 1621 342 1697 Ergo
354 1619 545 1681 Quinctilium
559 1630 711 1695 perpetuus
724 1639 806 1695 sopor

265 1700 369 1777 Urget!
392 1699 439 1755 cui
453 1696 556 1769 Pudor,
571 1710 599 1755 et
613 1699 630 1754 J
633 1699 735 1757 ustitiae
748 1718 826 1758 soror
863 1757 864 1761 ,

266 1778 432 1853 Incorrupta
446 1777 542 1850 Fides,
557 1780 688 1854 nudaque
703 1779 832 1852 Veritas‚.

341 1857 467 1918 Quando
481 1857 568 1914 ullum
584 1860 707 1916 inveniet
720 1860 837 1935 pareml

264 1936 362 1994 Multis
377 1937 422 1992 ille
437 1937 518 1994 bonis
532 1937 633 1995 flebilis
646 1939 767 2006 occidit;

265 2016 345 2073 Nulli
360 2015 476 2071 flebilior
490 2016 575 2087 quim
590 2019 650 2085 tibi,
665 2017 775 2091 Virgili.

264 2095 313 2152 Tu
328 2092 429 2150 frustrd
443 2095 516 2167 pius,
533 2093 604 2150 heu!
627 2113 684 2151 non
699 2096 739 2152 ita
752 2095 890 2153 creditum

342 2173 439 2229 Poscis
452 2170 643 2231 Quinctilium
657 2173 733 2232 deos.

264 2249 353 2314 Quod
367 2252 390 2307 si
405 2250 542 2309 Threicio
556 2251 688 2312 blanditis
701 2252 818 2330 Orpheo

265 2333 401 2389 Auditum
416 2330 561 2388 moderere
575 2327 720 2389 arboribus
734 2333 829 2406 fidem,

266 2411 333 2468 Non
347 2428 425 2466 vanae
440 2410 536 2468 redeat
549 2413 664 2487 sanguis
678 2413 795 2487 imagini
870 2477 875 2486 ‚

344 2489 441 2551 Quem
456 2490 534 2564 virgei
548 2490 635 2547 semel
650 2491 774 2561 horridd,

265 2568 333 2624 Non
346 2569 418 2623 lenis
431 2568 562 2642 precibus
577 2569 633 2624 lata
647 2568 802 2641 recludere,
848 2595 851 2604 ·

265 2645 357 2721 Nigro
371 2645 537 2719 compulerit
552 2644 710 2703 Mercurius
723 2648 811 2724 gregi.

265 2726 377 2783 Durum
390 2725 395 2780 l
419 2724 476 2780 Sed
491 2725 580 2782 levius
595 2725 626 2783 lit
638 2727 773 2802 patientid

343 2804 491 2879 Quidquid
505 2807 645 2882 corrigere
659 2816 701 2864 est
715 2807 802 2866 nefus.

513 3117 597 3176 ODE
610 3116 696 3177 XXI.

469 3256 508 3295 DE
531 3256 608 3294 AEnlo
627 3256 729 3298 LAMtA.

268 3359 364 3418 Musis
379 3358 495 3427 amicus,
510 3357 650 3415 tristitiam
664 3370 692 3416 et
705 3371 797 3418 metus

268 3440 393 3497 Tradnm
406 3438 541 3514 protervis
555 3438 584 3494 in
599 3456 675 3495 marc
689 3437 834 3498 Creticum

306 3518 420 3575 Portare
433 3518 539 3575 ventio:
560 3516 624 3592 quis
637 3518 690 3573 sub
704 3519 793 3577 Arcto

347 3597 413 3654 Rex
426 3598 525 3673 gelidae
540 3607 679 3654 metuatur
692 3616 757 3668 orae,

267 3675 349 3736 Quid
363 3675 518 3734 Teridaten
532 3686 644 3746 terreat,
659 3673 743 3732 unice

270 3756 403 3813 Securus.
443 3755 481 3827 Ο,
495 3754 557 3830 quae
572 3755 695 3813 sontibus
709 3755 824 3831 integri·
