2444 4216
396 207 599 258 summanum
616 210 681 260 un.
699 212 734 260 11.
751 213 774 262 ὗ.

132 350 230 410 Persta
243 361 326 426 atque
338 351 453 424 obdura,
467 371 517 410 seu
531 354 616 412 rubra
629 353 768 415 Canicula
780 355 869 415 findet

132 429 259 488 Infantes
273 441 385 502 statuas,
397 450 447 488 seu
451 432 565 528 Apingui
572 436 666 491 teritus
678 453 775 503 omaso

131 508 235 566 Furius
249 509 378 567 hibernas
393 511 466 567 caua
479 511 543 569 nive
556 523 693 586 conspuet
712 514 808 589 Alpes

132 586 264 645 “Nonne
278 589 382 661 videsss'
398 589 497 663 aliquis
512 590 607 647 cubito
621 601 740 648 stentem
754 610 840 668 prope
854 603 974 668 tangens

131 665 282 742 Inquiet,“
293 678 323 724 ut
336 636 458 744 piticns!
480 679 512 723 ut
526 669 624 726 amicis
638 670 733 744 aptusl
755 681 786 728 ut
799 672 900 728 acer!”

131 745 228 803 Plures
242 747 387 804 aunabunt
400 746 511 818 thunui‚
525 757 554 803 et
567 747 672 805 cetaria
685 759 820 806 crescent.

131 825 162 882 Si
176 825 222 882 cui
236 836 369 901 praeterea
382 826 489 882 validus
503 793 576 883 inale
591 826 685 883 filius
678 846 708 882 ιιι
721 846 751 883 re

85 915 87 920 '
131 904 268 961 Praeclara
282 905 408 962 sublatus
422 905 526 975 aletur3
547 925 583 962 ne
597 905 776 972 manifestum

130 974 244 1040 Caelibis
256 963 421 1059 obsequium
436 949 525 1041 nudel
536 996 574 1057 te,
588 984 709 1042 leniter
701 1004 730 1042 m
744 1003 823 1061 spem

130 1063 237 1138 Arrepe
250 1063 400 1143 officiosus,
414 1074 445 1121 ut
458 1073 487 1120 et
499 1031 621 1120 scribare
635 1065 777 1121 secundus

130 1141 238 1213 Haeres,
252 1153 289 1214 et,
304 1142 327 1198 si
340 1143 402 1233 quis
415 1160 498 1200 casus
510 1161 629 1218 puerum
642 1144 731 1219 egerit
743 1142 830 1216 Orco,

129 1219 175 1277 In
174 1238 298 1277 vacuum
313 1223 423 1278 venias:
444 1219 557 1296 perraro
572 1223 633 1278 haec
647 1221 707 1280 alea
721 1221 798 1279 fallit.
1025 1223 1065 1280 50

128 1299 189 1362 Qui
200 1310 398 1357 testamentum
411 1300 502 1356 tradet
515 1300 565 1356 tibi
580 1319 692 1374 cunque
705 1301 868 1376 legendum,
960 1328 962 1332 ·

130 1379 265 1436 Abnuere
279 1393 308 1436 et
321 1379 430 1435 tabulas
443 1397 459 1434 a
473 1393 501 1436 te
515 1389 829 1438 removerememento:

129 1458 179 1515 Sic
192 1469 288 1515 tamen
303 1468 334 1514 ut
346 1457 420 1514 limis
430 1459 521 1533 rapias
532 1460 601 1533 quid
615 1459 705 1536 prima
719 1459 844 1516 secundo

128 1537 203 1594 Cera
217 1537 282 1593 velit
295 1555 391 1606 versu·;
412 1537 487 1594 solus
500 1539 632 1595 multisne
646 1539 780 1610 cohaeres,

127 1615 227 1673 Veloci
241 1629 372 1691 percurre
385 1616 474 1674 oculo.
515 1617 682 1692 Plerumque
696 1627 824 1674 recoctus
1022 1617 1064 1674 55

129 1695 228 1752 Scriba
242 1714 277 1752 ex
289 1695 484 1770 Quinqueviro
497 1714 610 1753 corvum
624 1696 739 1753 deludet
752 1696 886 1770 hiantem,

128 1773 315 1849 Captatorque
329 1775 407 1831 dabit
419 1775 491 1832 risus
504 1773 611 1832 Nasica
625 1775 744 1834 Corano.

496 1972 498 1974 q
516 1924 632 1957 unussus.

128 2008 206 2066 Num
221 2010 308 2067 surisl
321 2029 358 2067 au
371 2010 493 2087 prudeus
506 2011 579 2067 ludis
593 2029 638 2066 me
651 2010 771 2067 obscura
784 2009 933 2067 canendol

512 2158 641 2190 winusus.

126 2245 155 2303 Ο
168 2246 328 2318 Laertiade,
342 2235 476 2322 quidquid
491 2245 593 2316 dicam,
608 2256 656 2303 aut
668 2245 730 2317 erit,
745 2255 878 2303 autnon:
929 2283 930 2287 =

128 2324 261 2383 Divinare
275 2326 380 2384 etenim
394 2343 513 2402 magnus
526 2325 595 2382 mihi
609 2324 694 2383 donat
707 2324 816 2401 Apollo.
1022 2323 1061 2380 60

514 2473 631 2506 ULYSSES.

124 2560 206 2623 Quid
220 2571 314 2617 tamen
328 2560 380 2617 ista
393 2559 458 2617 velit
470 2560 524 2617 sibi
538 2559 641 2631 fabula,
655 2558 678 2615 si
688 2558 764 2629 licet,
778 2557 839 2615 ede.

508 2706 636 2740 winusus.

125 2794 269 2871 Tempore
283 2815 338 2871 quo
348 2794 460 2871 juvenis
472 2793 581 2851 Parthis
595 2794 760 2868 horrendus,
774 2795 809 2853 ab
822 2794 878 2853 alto

126 2873 288 2932 Demissum
301 2893 391 2950 genus
405 2874 507 2946 AEneti,
521 2874 619 2931 tellure
633 2875 757 2949 marique

126 2952 250 3030 Magnus
263 2955 324 3025 erit,
339 2954 400 3011 forti
414 2953 501 3010 nubet
514 2972 630 3029 procera
640 2953 752 3012 Corano

126 3031 198 3090 Filia
212 3031 336 3105 Nasicae,
351 3033 499 3090 metuentis
512 3033 629 3088 reddere
643 3032 760 3088 soldurn.
1018 3032 1058 3092 65

126 3110 203 3168 Tum
217 3132 303 3188 gener
318 3080 371 3171 lioc
385 3113 486 3180 saciet;
507 3111 615 3168 tabulas
628 3129 725 3168 socero
738 3108 920 3188 dubitatque

115 3189 164 3261 *Ut
176 3191 250 3267 legat
262 3193 367 3250 orabit:
390 3188 508 3249 multum
523 3189 629 3247 Nasica
642 3201 757 3266 negatas

126 3269 257 3345 Accipiet
270 3273 383 3329 tandem
397 3283 426 3328 et
439 3270 540 3328 tacitus
553 3268 644 3344 leget;
666 3269 842 3363 invenietque

125 3347 173 3404 Nil
189 3349 240 3405 sibi
255 3351 387 3426 legatum,
395 3358 500 3428 praeter
511 3349 627 3438 plorare,
642 3349 766 3424 suisque.

125 3426 198 3485 lllud
213 3429 248 3486 ad
264 3431 323 3486 haec
335 3429 435 3505 jubeo:
456 3428 590 3486 mulier
569 3447 592 3485 si
607 3426 676 3486 forto
691 3428 786 3485 dolosa
1018 3426 1056 3483 70

125 3506 288 3564 Libertusvc
302 3527 397 3565 senem
412 3510 529 3566 delirum
543 3518 686 3582 temperet,
700 3505 754 3563 illis

126 3586 266 3644 Accedas
265 3587 377 3656 socius;
398 3588 504 3660 laudes,
518 3587 640 3644 lauderis
653 3596 684 3641 ut
697 3584 805 3642 absens.

125 3663 175 3722 Me
188 3686 255 3723 sene
259 3666 352 3741 ,quod
368 3631 469 3738 ilicum,
484 3667 659 3723 factumest:
681 3659 1022 3744 AunsimprobaThebis

124 3743 170 3803 Ειι
182 3755 349 3804 testamento
362 3743 403 3801 sic
416 3740 459 3802 est
472 3745 560 3802 elata:
581 3743 699 3800 cadaver
