2444 4216
383 214 579 266 CARMINUM
597 217 661 265 LlB.
679 215 728 267 111.

262 361 327 420 Nec
338 361 425 419 sumit
439 372 488 419 aut
499 361 579 438 ponit
593 379 707 420 secures

299 440 424 498 Arbitrio
436 440 576 517 popularis
590 458 674 498 aure.

222 521 329 591 Virtus,
343 520 492 577 recludens
507 520 652 577 immeritis
662 519 733 577 mori

223 599 351 676 Coelum,
360 599 463 674 negati
476 610 566 656 tentat
580 600 631 655 iter
645 599 708 656 vii:

261 678 414 752 Coetusque
428 677 557 753 vulgares
570 688 598 734 et
608 679 693 733 udam

299 757 413 833 Spernit
427 758 544 813 humum
558 757 682 832 fugiente
696 755 798 832 penui.

221 835 273 893 Est
286 846 314 893 et
328 835 403 893 fideli
418 845 480 893 tuta
494 836 607 893 silentio

221 914 350 972 Merces:
371 914 479 986 vetabo,
493 915 541 989 qui
554 914 667 972 Cereris
681 932 793 970 sacrum

261 993 391 1070 Vulgririt
404 1012 524 1065 arcane,
539 995 591 1051 sub
604 993 696 1050 isdem

299 1073 342 1130 Sit
356 1074 489 1149 trabibus,
504 1073 666 1148 fragilemve
680 1090 793 1129 mecum

221 1146 464 1225 Solvatslaseluuu‘
490 1149 572 1226 Saepe
586 1152 729 1225 Diespiter

223 1230 381 1306 Neglectus
394 1230 503 1287 incesto
516 1229 624 1285 addidit
638 1229 793 1303 integrum:

260 1307 340 1367 Rard
354 1308 569 1364 antecedentem
580 1306 732 1364 scelestum

300 1386 431 1444 Deseruit
443 1387 515 1463 pede
529 1385 617 1443 Poena
630 1387 739 1444 claudo.

473 1738 556 1799 ODE
576 1738 631 1799 III.

221 1863 240 1921 J
242 1881 340 1922 usuum
354 1881 387 1920 ac
400 1872 531 1920 tenacem
550 1859 684 1935 propositi
697 1860 788 1917 virum

221 1942 289 2002 Non
303 1943 406 2000 civium
420 1941 502 1998 ardor
515 1957 600 2014 prava
610 1939 781 2015 jubentium,

259 2021 326 2080 Non
340 2021 432 2078 vultus
446 2017 576 2076 instantis
590 2018 700 2091 tyranni

298 2099 396 2157 Mente
410 2098 499 2173 quatit
513 2095 612 2167 solida,
626 2114 718 2172 neque
731 2098 842 2169 Auster,

220 2179 287 2237 Dux
300 2179 419 2253 inquieti
429 2175 557 2234 turbidus
571 2174 696 2248 Hadriae,

220 2258 285 2317 Nec
300 2257 473 2316 fulminantis
486 2271 588 2331 magna
602 2254 678 2313 Jovis
689 2273 808 2313 manusc

259 2338 290 2396 Si
305 2338 409 2395 fractus
423 2336 551 2394 illabatur
563 2335 648 2405 orbis,

297 2416 474 2494 Impavidum
488 2415 589 2472 ferient
602 2414 699 2470 ruinis.

220 2495 286 2554 Hae
299 2507 358 2553 arte
372 2495 481 2565 Pollux,
495 2504 524 2550 et
537 2511 624 2567 vagus
638 2490 787 2563 Hercules,

220 2574 336 2649 Enisus,
350 2591 430 2630 eroes
443 2572 535 2644 attigit
548 2570 662 2644 igneas:

259 2651 343 2714 Quos
354 2651 426 2707 inter
440 2649 588 2724 Augustus
600 2647 769 2706 recumbens

299 2729 443 2805 Purpureo
458 2727 527 2785 bibit
539 2745 588 2784 ore
601 2737 705 2785 nectar.

220 2810 287 2869 nso
300 2820 328 2867 te
342 2817 507 2882 merentem,
519 2806 636 2882 ,Bacche
649 2817 737 2883 pater,
750 2817 807 2865 tuoe

220 2887 333 2949 Vexdre
346 2889 441 2965 tigres,
456 2886 572 2945 indocili
583 2886 684 2963 jugum
763 2907 765 2913 ·

259 2969 339 3027 Collo
352 2969 502 3026 trahentes.
537 2965 604 3021 Hae
616 2964 757 3024 Quirinus

297 3046 398 3105 Martis
418 3045 498 3119 equis
511 3044 676 3099 Acheronta
691 3042 762 3119 sugit
770 3061 778 3114 ;

218 3128 337 3186 Gratum
351 3124 484 3200 eloquutd
498 3121 712 3179 consiliantibus

219 3206 334 3266 Juncne
348 3205 433 3262 divis:
455 3207 472 3232 “
482 3201 564 3273 Ilion,
579 3200 652 3258 Ilion

258 3285 374 3357 Fatalis,
388 3284 567 3357 incestusque
578 3281 677 3357 judex,

296 3365 335 3422 Et
348 3363 448 3421 mulier
462 3361 618 3439 peregrina,
632 3360 714 3419 vertit

222 3443 257 3502 In
271 3444 423 3521 pulverem,
437 3461 472 3499 er
485 3460 541 3517 quo
554 3441 681 3498 destituit
693 3440 762 3498 deos

220 3521 354 3581 Mercede
368 3522 450 3599 pacta
464 3521 637 3589 Laomedon,
650 3519 720 3576 mibi

260 3601 407 3678 Castaeque
421 3603 586 3658 damnatum
600 3597 736 3656 Minervae

298 3680 373 3738 Cum
385 3682 488 3758 poprdc
500 3689 529 3736 et
542 3679 615 3735 duce
630 3676 814 3734 fraudulento.

220 3759 286 3818 lum
299 3777 354 3817 nec
367 3759 497 3817 Lacaenae
511 3757 639 3834 splendet
652 3755 786 3814 adulterae
