2444 4216
494 217 558 267 ARS
575 216 728 268 popvlos.

160 363 313 440 Postquam
327 362 411 439 coepit
424 381 506 439 agros
516 364 669 422 extendere
682 364 780 437 victor,
794 376 823 423 et
837 354 934 424 urbem

161 443 257 501 Latior
271 442 400 517 amplecti
413 461 519 515 murus,
533 443 652 518 vinoque
666 443 768 501 diurno

162 521 607 597 PlacariGeniusfestisimpuud
620 522 728 594 diebus,
929 583 931 586 ,

163 601 296 658 Accessit
308 601 486 675 numerisque
500 601 646 675 modisque
658 600 773 658 licentia
786 603 882 680 major.

163 680 298 737 Indoctus
311 680 377 754 quid
391 680 467 739 enim
482 690 601 754 saperet,
615 679 739 755 liberque
753 681 890 755 laborum,
985 717 987 721 <

163 758 299 816 Rusticus
312 759 420 816 urbano
433 758 577 827 confusus,
591 758 680 833 turpis
693 759 828 817 honestol

164 839 213 895 Sic
225 838 324 914 priscae
339 848 501 911 motumque
515 848 543 894 et
556 837 694 893 luxuriam
709 838 816 895 addidit
829 840 881 896 arti

161 916 294 989 Tibicen,
309 916 446 990 traxitque
459 935 546 992 vagus
558 935 608 991 per
621 916 727 992 pulpita
740 927 853 974 vestem.

162 997 211 1054 Sic
224 997 310 1054 etiam
324 995 427 1051 fidibus
439 1014 522 1052 voces
535 993 650 1052 crevere
664 995 777 1068 severis,

161 1073 198 1133 Et
211 1075 275 1132 tulit
288 1074 428 1148 eloquium
442 1073 584 1132 insolitum
600 1074 733 1131 facundia
745 1093 883 1150 preceps;

160 1153 333 1228 Utiliumque
346 1171 432 1229 sagax
444 1171 548 1223 rerum,
562 1162 591 1209 et
604 1152 698 1209 divina
711 1153 806 1224 futuri,

162 1233 308 1308 Sortilegis
318 1251 374 1289 non
387 1231 540 1306 discrepuit
550 1230 690 1287 sententia
700 1230 826 1306 Delphis.

200 1311 334 1368 Carmine
346 1310 393 1385 qui
408 1309 515 1385 tragico
529 1309 612 1365 vilem
626 1310 742 1366 certavit
754 1310 790 1367 ob
804 1310 923 1382 hircum,

161 1389 231 1450 Mox
244 1391 329 1447 etiam
344 1399 468 1464 agrestes
479 1388 593 1462 Satyros
608 1388 732 1459 nudavit,
747 1400 775 1446 et
788 1407 869 1464 asper

160 1469 301 1527 Incolumi
315 1468 449 1543 gravitate
460 1467 555 1542 jocum
569 1467 694 1539 tentavit,
709 1465 744 1524 eb
753 1463 833 1543 ‘qubd

161 1547 306 1605 Illecebris
320 1557 379 1604 erat
392 1557 421 1604 et
433 1547 513 1623 graui
524 1546 646 1603 novitate
660 1547 812 1604 morandus

162 1628 317 1702 Spectator,
333 1626 500 1700 functusque
514 1625 609 1697 sacris,
624 1635 653 1681 et
665 1636 756 1700 potus,
771 1636 799 1683 et
812 1627 902 1702 exlex.

160 1703 269 1763 Vervim
280 1706 318 1762 ita
331 1705 441 1776 risores,
456 1705 494 1761 ita
507 1705 705 1762 commendare
719 1705 832 1762 dicaces

161 1785 319 1843 Conveniet
333 1785 455 1858 Satyros,
470 1783 508 1840 ita
522 1794 628 1840 vertere
641 1784 714 1841 seria
726 1785 802 1857 ludo,

160 1862 208 1921 Ne
222 1864 382 1938 quicunque
396 1863 475 1934 deus,
489 1863 649 1938 quicunque
663 1863 840 1920 adhibebitur
854 1864 945 1935 beros,

161 1942 264 2019 Regali
279 1952 445 2018 conspectus
458 1942 488 1999 in
503 1961 570 2000 auro
583 1960 673 2016 nuper
687 1956 715 1999 et
729 1953 813 2012 ostro,

159 2020 264 2098 Migret
277 2022 306 2079 in
319 2023 453 2080 obscuras
467 2021 564 2077 humili
579 2039 707 2077 sermone
722 2021 880 2090 tabernas,

159 2102 228 2174 Aut,
243 2102 311 2158 dum
324 2101 391 2158 vitat
405 2102 531 2171 humum,
546 2098 636 2156 nubes
649 2111 677 2156 et
691 2099 786 2159 inania
799 2111 900 2178 captet

159 2177 277 2245 Ell'utire
291 2181 366 2238 leves
379 2179 496 2254 indigua
506 2177 659 2254 Tragoedia
672 2196 776 2250 versus,

158 2258 197 2317 Ut
211 2259 287 2317 festis
300 2269 427 2316 matrona
436 2258 540 2316 moveri
551 2258 628 2334 jussa
641 2257 750 2331 diebus,

158 2337 290 2396 Intererit
304 2338 410 2413 Satyris
422 2334 539 2413 paulum
552 2337 717 2413 pudibunda
730 2338 872 2414 protervis.

158 2416 225 2475 Non
239 2437 292 2494 ego
306 2418 434 2474 inornata
446 2427 475 2474 et
488 2417 661 2475 dominantia
674 2417 788 2472 nomina
802 2414 893 2478 solnm

158 2496 317 2570 Verbaque,
333 2496 459 2566 Pisones,
475 2496 637 2570 Satyrorum
651 2494 768 2568 scriptor
782 2494 897 2563 amab0;

158 2573 223 2630 Nec
237 2574 278 2630 sic
291 2573 380 2630 enitar
394 2572 501 2648 tragico
514 2572 625 2629 differre
639 2572 734 2644 colori,

158 2652 196 2711 Ut
209 2652 279 2709 nihil
294 2651 402 2708 intersit
415 2650 548 2707 Davusne
562 2651 699 2725 loquatur,
713 2661 741 2707 et
754 2651 846 2710 audax

158 2731 273 2807 Pythias
287 2741 420 2788 emuncto
433 2729 542 2786 lucrata
556 2730 671 2786 Simone
681 2730 827 2802 talentum,

158 2811 207 2868 An
221 2822 315 2868 custos
330 2809 504 2883 famulusque
518 2809 564 2866 dei
578 2808 691 2866 Silenus
706 2809 821 2867 alumni.

157 2888 202 2948 Ex
215 2901 281 2948 noto
296 2889 392 2946 lictum
407 2907 520 2946 carmen
534 2907 643 2963 sequar,
653 2900 683 2945 ut
696 2889 748 2945 sibi
761 2889 851 2963 quivis

158 2970 259 3046 Sperat
272 2969 364 3037 idem;
385 2968 467 3024 sudet
479 2965 599 3025 multum
613 2965 768 3042 frustraque
781 2968 889 3024 laboret

158 3049 254 3106 Ausus
268 3049 359 3105 idem:
381 3044 491 3105 tantvim
505 3046 591 3103 series
603 3045 790 3121 junctumque
802 3045 897 3121 pollet,

157 3126 285 3185 'fantium
298 3128 334 3184 de
349 3126 442 3183 medio
455 3125 572 3200 sumptis
586 3124 696 3181 accedit
706 3125 827 3183 honoris.

158 3206 241 3264 Silvis
254 3206 367 3263 deducti
381 3215 507 3276 caveant,
522 3222 567 3260 me
578 3203 684 3279 judice,
696 3203 799 3280 Fauni,

157 3284 214 3357 Ne,
229 3286 302 3342 velut
316 3284 405 3342 innati
416 3284 504 3342 triviis
518 3302 551 3340 ac
563 3279 637 3358 penti
653 3282 786 3356 forenses,

157 3365 219 3421 Aut
232 3361 351 3421 nimium
364 3364 469 3421 teneris
479 3362 648 3440 juvenentur
661 3362 787 3420 versibus
800 3382 933 3438 uuquam,
1029 3411 1033 3418 .

158 3443 220 3499 Aut
230 3441 375 3500 immunda
388 3453 505 3520 crepent
518 3441 758 3518 ignominiosaque
772 3443 863 3499 dicta:

156 3520 347 3578 Offenduntur
355 3521 445 3601 enim,
458 3521 558 3596 quibus
571 3532 615 3579 est
627 3538 718 3596 equus¹
728 3530 756 3576 et
768 3531 846 3596 pater
859 3533 887 3578 et
900 3537 960 3588 res3

157 3600 231 3672 Nec,
246 3599 270 3655 si
283 3598 350 3678 quid
364 3598 436 3656 fricti
450 3600 550 3657 ciceris
562 3600 660 3675 probat
673 3609 702 3654 et
715 3600 796 3657 nucis
809 3609 927 3674 emptor,

157 3677 259 3754 AEquis
272 3676 415 3753 accipiunt
427 3679 528 3735 animis
541 3679 681 3735 donantve
694 3678 806 3736 corona.
822 3667 828 3683 ⁶
916 3732 918 3736 r

195 3757 310 3835 Syllaba
323 3757 408 3835 longa
417 3755 493 3815 brevi
506 3756 633 3834 subjecta
645 3765 758 3814 vocatur
771 3755 887 3815 Iambus
894 3773 903 3826 ;
