2444 4216
447 189 479 246 Q.
495 187 640 238 nonam
656 187 781 239 mcc!

315 329 452 390 Narratur
465 340 494 388 et
506 331 592 407 prisci
605 330 723 390 Catonis

354 407 437 486 Saepe
452 427 530 468 mero
542 409 662 468 ualuisse
676 411 772 468 virtus.

277 489 326 548 Tu
340 490 404 546 lene
418 498 588 546 tormentum
602 487 717 565 iugenio
731 489 864 549 admoves

276 565 445 642 Plerumque
458 567 543 625 duro:
562 579 594 624 tu
608 568 779 643 sapientium

314 647 406 705 Cures
419 656 448 704 et
461 665 595 704 areanum
608 646 706 721 jocoso

354 725 514 784 Consilium
527 726 630 802 retegis
644 725 749 801 Lyaeo:
819 797 822 804 Ι

276 804 326 863 Τιι
340 823 419 880 spem
432 805 546 862 reducis
559 805 701 862 mentibus
715 805 808 865 anxiis

275 883 431 958 Viresque3
451 894 480 940 et
493 884 573 940 addis
587 903 694 940 cornua
706 884 833 960 pauperi,

314 962 382 1020 Post
396 973 423 1020 te
436 980 528 1037 neque
542 963 626 1021 iratos
636 964 768 1021 trementi

354 1041 469 1118 Regum
483 1041 588 1116 apices,
601 1061 694 1116 neque
707 1042 828 1099 militum
842 1060 933 1108 mma,
1016 1062 1018 1069 ’

165 1181 171 1199 ,
276 1119 323 1178 Te
336 1119 431 1192 Liber,
445 1130 484 1191 et,
498 1121 522 1177 si
536 1121 600 1178 laeta
612 1120 712 1192 aderit,
726 1121 836 1195 Venus,

277 1199 441 1274 Segnesque
454 1200 560 1257 nodum
574 1201 681 1258 solvere
693 1199 809 1274 Gratiae,

316 1279 886 1434 Viliqffililllllldillaenna

521 1670 605 1729 ODE
625 1671 708 1731 XVI.

520 1809 560 1848 Al)
574 1810 703 1851 DIANAM·

276 1910 428 1970 Mourruu
441 1920 535 1968 eustos
553 1929 765 1986 nemorumque,
779 1911 869 1990 virgo,

275 1991 352 2053 Quae
365 1991 523 2047 laborantes
536 2001 617 2048 utero
630 1991 738 2066 puellas

276 2069 337 2128 'I'er
350 2080 447 2126 vocata
460 2070 551 2141 audis,
566 2070 721 2145 adimisque
733 2070 802 2145 leto,

471 2147 545 2205 Diva
558 2149 707 2218 triformis;

277 2225 434 2284 Imminens
447 2226 519 2282 villae
533 2238 582 2282 tua
594 2228 678 2302 pinus
692 2238 761 2300 esto,

275 2305 371 2367 Quam
385 2324 435 2381 per
448 2316 562 2362 exactos
575 2324 629 2381 ego
641 2306 722 2362 laetus
736 2325 828 2365 annos

277 2385 375 2444 Verris
386 2383 531 2460 obliquum
545 2385 707 2460 meditantis
720 2384 809 2443 ictum

473 2463 619 2540 Sanguine
633 2464 747 2521 donem.

511 2772 595 2829 ODE
615 2773 717 2832 XVII.

503 2911 543 2950 AD
557 2909 719 2949 uulnuunu.

276 3015 369 3073 Omne
383 3013 497 3090 supinas
511 3012 535 3069 si
548 3010 646 3069 tuleris
659 3029 762 3069 manus

276 3093 306 3150 N
309 3105 422 3151 aseeute
437 3092 529 3164 Luni,
543 3091 648 3149 rustica
660 3089 793 3167 Phidyle,

316 3173 348 3229 Si
362 3174 444 3228 thure
457 3170 579 3245 placaris
593 3181 621 3226 et
634 3170 724 3227 hornis

355 3249 449 3324 Fruge
463 3249 560 3319 Lares,
574 3248 710 3323 avidique
724 3249 826 3326 potem

276 3328 342 3388 Nee
354 3328 532 3405 pestilentem
546 3326 648 3383 sentiet
661 3329 792 3386 Africum

278 3408 426 3466 Foecunda
440 3407 513 3478 vitis,
527 3425 582 3474 nee
595 3406 718 3465 sterilem
732 3425 815 3484 seges

315 3487 501 3562 Rubiginem,
515 3496 563 3542 aut
576 3485 675 3544 dulces
688 3486 794 3544 alumni

355 3566 495 3624 Pomifero
508 3584 590 3641 grave
605 3577 716 3640 tempus
729 3585 814 3628 anuo·

256 3671 258 3673 ¹
277 3645 365 3718 Nam,
378 3664 439 3721 quae
453 3645 537 3702 nivali
552 3645 674 3720 pasoitur
689 3645 796 3721 Algido

199 3737 211 3748 ‘
279 3725 385 3784 Devota
398 3742 518 3801 quereus
531 3724 603 3782 inter
617 3736 645 3782 et
659 3724 749 3797 ilices,
