2444 4216
389 209 591 260 sturmen
607 209 673 259 LIB.
690 209 725 258 11.
741 212 766 259 Ι.

128 355 236 414 Verum
249 354 286 412 ob
298 353 444 411 oondlium
457 353 564 412 donent
576 354 704 412 maserei
738 353 798 410 Sed
812 353 888 411 unde

71 475 74 479 J
127 434 204 492 Tam
217 435 289 490 bene
302 432 453 491 mendatii

487 580 659 614 balsamus.

552 666 701 741 Postquam
714 667 807 725 omnis
819 686 864 725 res
876 685 940 727 mea
951 667 1057 728 lanum

128 748 176 805 Ad
190 745 312 803 medium
326 745 415 802 fracta
427 755 479 816 est,
493 745 585 802 aliena
595 747 708 819 negotia
720 765 797 818 curo,
884 791 886 794 v
1113 814 1116 821 Δ

127 826 270 884 Excessus
282 825 408 901 propriis.
441 823 518 880 Olim
533 843 599 881 nam
613 843 737 898 quaerere
750 825 877 885 amabam
1018 827 1058 886 2⁰

126 905 195 967 Quo
209 904 281 962 vafer
295 905 341 961 ille
354 905 440 979 pedes
452 902 563 961 lavisset
576 904 711 978 Sisyphus
725 921 789 976 aare,

127 985 207 1046 Quid
221 983 361 1060 sculptum
375 979 493 1055 infabre,
507 983 574 1058 quid
588 983 681 1040 msam
695 980 793 1041 durids
802 994 894 1054 esset;

128 1063 256 1120 Callidus
269 1063 336 1119 huic
346 1063 427 1139 signe
438 1063 576 1137 ponebam
591 1063 677 1119 millia
689 1073 803 1119 centum
815 1081 823 1131 ;
894 1094 896 1099 >

127 1142 232 1201 Hortos
245 1142 425 1218 egregiasque
439 1142 536 1198 domos
549 1141 699 1197 mercarier
713 1159 786 1198 unus

128 1221 203 1278 Cum
216 1222 294 1279 lucro
304 1220 419 1278 miram:
440 1221 516 1276 unde
530 1220 684 1293 frequentia
697 1218 867 1277 Mercuriale
1020 1220 1059 1280 25

129 1298 293 1376 Imposuere
307 1300 377 1356 mihi
391 1317 548 1374 cognomen
563 1298 693 1373 compita.

504 1446 647 1479 nonanus.
687 1491 689 1497 Ι
739 1463 741 1467 ·

129 1612 167 1671 Et
179 1610 268 1670 morbi
281 1611 366 1670 miror
378 1622 534 1688 purgatum·
539 1622 568 1669 te
581 1611 663 1670 illius.
746 1533 836 1592 hon·

488 1760 660 1794 natamus.

130 1923 240 1985 limavit
252 1936 372 1984 veterem
386 1924 456 1984 mird
470 1945 568 1997 novus,
582 1937 614 1984 ut
626 1928 706 1999 solet,
720 1850 828 1985 iriidiii¹

130 2004 262 2081 Trajectn
275 2006 370 2063 lateris
383 2005 476 2063 miseri
491 2007 643 2081 capitisque
657 2007 770 2064 dolore:

129 2084 167 2143 Ut
180 2085 349 2161 lethargicus
362 2085 418 2156 hic,
432 2103 518 2159 quum
532 2085 563 2143 iit
575 2084 662 2159 pugil,
675 2096 705 2141 et
714 2085 855 2145 medicum
868 2097 957 2164 urget.
1021 2088 1060 2147 30

480 2235 483 2242 ’
502 2232 644 2266 nonanus,

129 2317 205 2377 Dum
217 2319 331 2395 nequid
345 2318 435 2377 simile
448 2319 525 2393 huic,
538 2330 598 2378 esto
612 2321 731 2380 utlibet

477 2432 660 2501 xIJAUSH’PM.

746 2554 775 2612 0
788 2555 871 2628 bone,
884 2576 922 2616 ne
934 2569 962 2618 te

128 2633 289 2701 Frustrere3
311 2630 417 2688 insanis
430 2641 511 2702 etta,
525 2631 655 2706 stultique
668 2630 754 2708 prope
767 2653 876 2708 omnes,

128 2713 161 2770 Si
174 2713 240 2787 quid
256 2710 406 2768 Stertinius
420 2709 476 2766 veri
487 2715 603 2784 'crepat3
618 2712 693 2768 unde
704 2731 757 2788 ego
769 2713 841 2772 mira

127 2789 270 2866 Descripsi
285 2789 384 2846 docilis
396 2801 535 2864 praecepta
548 2791 618 2861 haec,
633 2802 757 2866 tempore
769 2812 826 2869 quo
838 2812 884 2852 me

129 2870 239 2929 solatus
250 2869 333 2945 jussit
346 2868 500 2943 sapientem
513 2888 627 2943 pascere
641 2871 764 2942 barbam,
1018 2875 1057 2934 35

129 2951 221 3024 Atque
236 2970 251 3006 e
266 2947 396 3006 Fabricio
410 2966 467 3005 non
481 2948 587 3007 tristem
601 2960 685 3024 ponte
699 2950 807 3008 reverti.

128 3028 203 3086 Nam
218 3025 290 3085 male
306 3046 335 3083 re
348 3026 428 3101 gesti
441 3045 527 3098 quum
542 3026 640 3083 vellem
655 3028 763 3088 mittere
776 3039 872 3104 operto
922 3075 925 3080 .

128 3106 177 3164 Me
191 3109 280 3183 capite
293 3107 322 3163 in
338 3104 451 3173 flumen,
466 3105 562 3175 dexter
576 3106 668 3163 stetit:
689 3117 727 3177 et,
748 3112 765 3138 “
777 3107 852 3166 Gaie
866 3109 935 3168 faxis

128 3186 174 3244 Te
187 3188 336 3261 quidquam
349 3185 514 3260 indignum
535 3184 651 3259 pudor,'’
666 3185 764 3260 inquit,
779 3191 834 3246 “te
854 3189 943 3248 malus
955 3201 1044 3267 urget.

128 3265 246 3323 Insanos
258 3266 305 3340 qui
319 3265 396 3321 inter·
405 3281 516 3320 vereare
530 3263 645 3320 insanus
658 3264 761 3323 haberi.
1017 3268 1057 3338 40

128 3341 253 3402 Primum
267 3363 332 3400 nam
344 3343 480 3417 inquiram
495 3342 560 3416 quid
574 3342 610 3400 sit
623 3343 712 3402 furere
725 3364 731 3402 :
752 3345 806 3404 hoc
818 3346 842 3404 si
855 3346 909 3406 erit
920 3347 950 3406 in
963 3358 991 3406 te

130 3424 205 3494 Solo,
219 3423 258 3479 nil
272 3423 358 3492 verbi,
372 3440 470 3497 pereas
483 3423 550 3496 quin
565 3422 678 3495 sortiter,
692 3424 800 3482 addam.

128 3501 225 3563 Quem
239 3502 313 3558 mala
325 3500 440 3559 stultitia
453 3512 481 3558 et
494 3519 689 3576 quemcunque
700 3502 811 3561 inscitia
823 3504 881 3561 veri

129 3580 246 3638 Caecum
260 3579 328 3654 agit,
341 3578 470 3637 insanum
484 3580 632 3655 Chrysippi
647 3578 768 3654 porticus
780 3592 809 3639 et
820 3599 889 3656 grex

129 3659 275 3719 Autumat.
309 3657 380 3713 Haec
392 3659 517 3734 populos,
531 3660 592 3716 hac
605 3676 720 3732 magnos
734 3658 950 3735 formulamque,
1015 3658 1053 3718 45

129 3737 255 3813 Excepto
267 3737 497 3872 sapientultpnet.
530 3736 618 3797 Nunc
631 3735 727 3812 accipe
739 3755 824 3812 quere
