2444 4216
442 218 473 274 Q.
491 217 635 266 HORATII
652 217 775 268 FLACCI

316 359 441 432 Tellure,
455 361 590 419 victorum
604 371 721 436 nepotes

354 438 465 496 Retulit
478 439 592 497 inseriae
605 440 760 516 Jugurthae.

275 516 352 580 (tuis
364 536 431 590 non,
442 518 545 576 Latino
559 520 696 594 sanguine
709 517 849 596 pinguior,

276 595 403 672 Campus
415 598 551 673 sepulcris
564 598 649 673 impia
662 596 760 673 proelia

315 673 458 746 Testatur,
473 677 655 750 auditumque
669 675 764 734 Medis

355 753 500 830 Hesperiae
514 756 636 813 sonitum
650 756 762 812 ruinael

275 831 337 895 Qui
349 851 462 910 gurges,
476 843 525 891 aut
536 853 599 909 quoe
612 832 729 891 flumina
741 833 867 910 lugubris

275 909 380 988 Ignara
394 912 479 969 betlit
498 914 573 988 quod
586 931 663 969 mare
674 912 795 970 Dauniae

315 989 383 1048 Non
396 989 593 1048 decoloravere
606 992 719 1048 eredes?
854 1001 858 1008 '

352 1068 428 1130 Quae
442 1083 519 1127 earet
532 1089 581 1128 ora
594 1088 694 1126 eruore
703 1071 819 1127 nostro?

276 1147 335 1204 Sed
348 1167 395 1220 ne,
408 1149 524 1221 relictis,
538 1149 623 1205 Musa
635 1167 748 1225 procax,
759 1148 841 1224 jocis,

277 1225 345 1284 Ceto
357 1239 491 1285 retractes
504 1247 623 1285 munera
635 1227 761 1285 Naeniae:

316 1303 433 1363 Mecum
446 1306 566 1364 Dionaeo
592 1306 646 1363 sub
658 1318 739 1365 antro

358 1385 466 1448 Quaere
479 1386 578 1442 modos
590 1386 692 1443 leviore
706 1387 820 1461 plectro.

540 1696 624 1756 ODE
645 1698 676 1756 ΙΙ

415 1838 456 1876 al>
468 1836 598 1876 CRISPU!
611 1836 804 1876 saint-mmai.

316 1937 438 1998 Nemus
451 1946 568 2013 argento
581 1935 657 1993 color
670 1947 712 1994 est
726 1936 816 1992 araris

316 2017 424 2075 Abdito
432 2016 524 2088 terris,
538 2015 654 2073 inimice
666 2016 769 2073 lamnae

315 2096 416 2172 Crispe
429 2095 554 2164 Sallusti,
567 2095 622 2152 nisi
634 2107 790 2172 temperato

511 2174 665 2249 Splendeat
678 2194 739 2230 usu.

316 2252 400 2310 l'iret
411 2262 526 2309 extento
539 2252 703 2310 Proculeius
716 2272 785 2323 ero,

316 2329 412 2389 Notus
424 2330 454 2388 in
468 2331 567 2387 fratres
579 2331 666 2388 animi
679 2332 805 2406 paterni:

318 2409 405 2469 Illum
418 2421 481 2487 aget
494 2410 590 2486 pean
603 2422 748 2466 metuente
762 2408 830 2466 solri

511 2488 601 2546 Fama
613 2501 763 2565 superstes.

317 2567 417 2627 Latius
429 2586 531 2646 regnes
544 2568 657 2625 aridum
670 2567 812 2625 domando

317 2649 462 2723 Spiritum,
475 2645 561 2722 quim
573 2649 598 2704 si
611 2648 731 2723 libyam
744 2647 859 2705 remotis

315 2725 444 2781 Gadibus
453 2725 567 2799 jumne,
579 2742 608 2782 et
622 2739 738 2800 uterque
750 2727 856 2785 Penus

512 2804 621 2859 Serviat
636 2805 694 2860 uni.

316 2881 427 2940 Crescit
440 2881 592 2957 induigens
604 2881 657 2937 sibi
671 2882 749 2938 dirus
759 2882 897 2960 hydrops3

316 2960 380 3019 Neo
394 2962 470 3020 sitim
481 2961 572 3037 pellit,
584 2960 640 3017 n'ui
654 2979 741 3017 eausa
753 2962 844 3019 morbi

318 3040 436 3118 Fugerit
448 3040 538 3111 renis,
551 3052 580 3097 et
593 3059 715 3115 aquosus
727 3040 792 3098 albo

513 3119 640 3195 Corpore
653 3119 780 3195 languor.

319 3197 477 3254 Redditum
490 3197 559 3271 Cyri
572 3198 642 3255 solio
655 3198 806 3269 Phraaten,

318 3275 467 3333 Desideras
478 3276 564 3351 plebi,
577 3295 695 3334 numero
707 3277 853 3334 beatorum

319 3354 426 3413 Eximit
439 3355 554 3419 Virtus:
573 3357 764 3431 populumque
776 3356 854 3413 falsis

514 3432 642 3491 Dedecet
656 3436 697 3492 uti

319 3512 461 3571 t'oeibm:
481 3533 601 3589 regnum
614 3528 643 3571 et
662 3513 793 3570 diadema
802 3524 894 3570 tutum

320 3591 459 3649 Delerens
471 3594 531 3655 uni.
544 3594 738 3669 propriamque
748 3591 865 3663 laurum,

319 3670 460 3748 Quisquis
472 3673 603 3749 ingentes
614 3672 699 3729 oculo
710 3672 838 3730 irretorto

517 3751 632 3827 Spem
645 3769 769 3809 πεπτω»
