2444 4216
408 211 440 270 o.
458 209 601 260 nonam
618 209 741 275 rmccr

803 327 811 351 1

242 355 381 416 Famosus
394 354 504 430 hospes,
517 373 572 411 nec
582 354 689 412 Priami
703 357 805 415 domus

282 434 397 509 Perjura
409 452 555 510 pugnaces
568 433 694 492 Achivos

320 512 471 570 Hectoreis
483 512 583 587 opibus
596 511 739 588 refringit:

243 592 409 666 Nostrisque
423 591 540 647 ductum
555 591 739 648 seditionibus

243 671 352 734 Bellum
367 670 477 727 resedit.
511 669 649 726 Protenus
662 681 802 746 etgraves

281 749 354 820 Iras,
366 759 395 806 et
408 749 529 806 invisum
542 760 683 824 nepotem,

320 827 428 885 Troica
440 846 524 902 quem
536 828 645 903 peperit
657 828 799 901 sacerdos,

243 907 330 965 Marti
344 907 494 964 redonabo.
529 904 614 962 Illum
628 925 681 983 ego
694 907 806 965 lucidas

244 987 320 1045 Inire
334 986 425 1057 sedes,
440 986 544 1041 ducere
558 986 682 1042 nectaris
711 983 715 991 '

284 1066 402 1135 Succos,
415 1073 444 1121 et
457 1062 579 1121 adscribi
592 1064 694 1138 quietis

322 1143 478 1201 Ordinibus
491 1142 580 1216 patiar
593 1142 719 1200 deorum.

244 1223 320 1280 Dum
333 1222 435 1298 longus
448 1221 521 1279 inter
534 1220 628 1277 saeviat
641 1220 714 1279 Ilion

244 1302 422 1375 Romamque
436 1312 555 1376 pontus;
576 1299 702 1374 qualibet
714 1301 826 1359 exsules

283 1380 319 1436 In
331 1389 411 1456 parte
423 1389 560 1453 regnanto
574 1378 668 1434 beati:
715 1438 718 1442 ,

322 1458 398 1515 Dum
413 1457 518 1512 Priami
531 1456 694 1531 Paridisque
708 1457 789 1516 busto

245 1537 365 1597 Insultet
378 1547 545 1606 armentum,
559 1546 587 1591 et
600 1535 707 1593 catulos
721 1536 787 1594 ferae
881 1565 884 1571 ·

244 1617 347 1674 Celent
360 1615 472 1684 inultae3
493 1626 547 1671 stet
560 1613 730 1690 Capitolium

284 1694 419 1770 Fulgens,
433 1692 663 1770 triumphatisque
676 1693 764 1769 possit

323 1774 417 1831 Roma
431 1773 507 1829 ferox
521 1772 587 1828 dare
599 1773 662 1847 jura
676 1771 779 1830 Medis.

21 1842 81 1883 ’Ὗ
145 1840 148 1845 ’
245 1853 394 1933 Horrenda
407 1849 464 1909 late
478 1870 582 1908 nomen
595 1851 625 1907 iu
639 1852 750 1908 ultimas

204 1963 206 1968 ⁸
246 1932 388 1991 Extendat
400 1950 478 2000 oras;
499 1931 555 2004 qud
569 1931 679 1987 medius
692 1931 782 2005 liquor

285 2011 415 2069 Secernit
428 2010 561 2086 Europen
575 2010 610 2066 ab
623 2009 704 2081 Afro,

322 2090 393 2150 Qua
406 2090 529 2146 tumidus
543 2089 615 2165 rigat
628 2108 692 2146 arva
706 2087 807 2145 Nilus:

246 2170 358 2233 Aurum
372 2168 547 2242 irrepertum,
562 2179 590 2224 et
603 2169 645 2224 sic
658 2165 760 2225 melids
773 2168 859 2225 situm

245 2248 346 2311 Quum
359 2258 434 2304 terra
447 2247 529 2318 celat,
543 2265 674 2322 spernere
689 2247 794 2320 fortior,

284 2324 382 2389 Quam
396 2344 497 2402 cogere
511 2327 648 2382 humanos
662 2326 691 2382 in
705 2345 783 2398 usus,

324 2406 419 2464 Omne
433 2424 543 2462 sacrum
558 2404 682 2479 rapiente
696 2405 803 2462 dextra.

246 2485 420 2560 Quicunque
433 2485 540 2542 mundo
552 2483 688 2541 terminus
700 2483 817 2556 obstitit,

247 2565 334 2622 Hunc
349 2575 446 2639 tangat
460 2565 553 2634 armis,
568 2563 656 2619 visere
669 2564 793 2638 gestiens

284 2644 355 2704 Qud
368 2655 445 2718 parte
460 2643 669 2700 debacchentur
683 2642 775 2719 ignes,
851 2662 856 2672 ’

323 2721 393 2781 Qus
407 2720 517 2776 nebulae
531 2721 670 2795 pluviique
685 2741 770 2779 rores.

248 2800 306 2858 Sed
320 2799 459 2856 bellicosis
473 2797 529 2854 fata
541 2798 703 2858 Quiritibus

248 2880 314 2938 Hae
327 2879 390 2954 lege
404 2878 478 2948 dico,
492 2895 538 2948 ne,
554 2872 672 2932 nimium
688 2876 736 2950 pii,

286 2958 443 3033 Rebusque
455 2956 584 3028 fidentes,
599 2954 680 3011 avite

324 3036 417 3093 Tecta
430 3036 517 3093 velint
530 3040 658 3111 reparare
672 3032 777 3109 Trojar.

247 3115 341 3190 Trojae
355 3134 507 3171 renascens
521 3115 585 3171 alite
599 3113 712 3189 lugubri

247 3193 373 3251 Fortuna
386 3193 457 3249 tristi
471 3193 551 3248 clade
565 3192 720 3264 iterabitur,

286 3271 416 3328 Ducente
430 3270 558 3326 victrices
572 3282 698 3328 catervas

325 3348 455 3424 conjuge
469 3367 513 3404 me
525 3347 602 3405 Jovis
615 3359 643 3405 et
656 3367 759 3407 sorore.

247 3428 307 3487 Ter
321 3429 344 3484 si
358 3440 483 3503 resurgat
498 3445 594 3484 murus
608 3427 733 3485 aheneus

248 3510 373 3567 Auctore
387 3506 509 3576 Pboebo;
530 3517 571 3563 ter
585 3518 680 3581 pereat
693 3507 765 3564 meis

287 3587 407 3644 Excisus
421 3586 549 3661 Argivis3
570 3595 611 3640 ter
626 3602 693 3641 uxor

326 3665 416 3740 Capta
429 3664 516 3721 virum
531 3682 685 3740 puerosque
698 3664 804 3738 ploret?

249 3743 316 3802 Non
330 3745 392 3804 hec
402 3743 505 3821 jocose
518 3742 690 3803 conveniunt
702 3741 778 3818 lyras
