2444 4216
494 212 559 263 Ans
576 213 730 264 Pontica.
749 242 751 246 >

162 359 295 434 Scriptor.
336 355 514 414 Honoratum
528 352 633 414 sirone
648 357 761 433 reponis
769 358 923 434 Achillem,

162 436 296 513 Impiger,
310 435 470 507 iracundus,
484 435 671 508 inexorabilis,
687 456 761 509 acer,

163 515 181 572 J
185 535 234 572 ara
247 525 331 590 neget
344 514 396 570 sibi
409 525 485 585 nata,
500 515 569 570 nihil
584 533 641 571 non
655 527 764 590 arroget
777 517 878 574 armis:

164 595 208 651 Sit
222 593 324 660 Medea
338 593 414 650 ferox
427 594 596 668 invictaque,
611 593 711 650 flebilis
725 594 788 667 Ino,

163 673 291 730 Perfidus
305 672 394 744 Ixion,
409 671 442 730 lo
455 692 535 747 vaga,
550 672 636 729 tristis
649 671 773 730 Orestes.

203 753 234 808 Si
248 752 313 826 quid
328 752 504 826 inexpertum
518 769 610 807 scenae
624 751 785 823 committis,
800 764 829 810 et
841 755 929 811 audes

104 883 106 887 ,
164 831 315 888 Personam
329 831 449 887 formare
464 849 575 900 novam,
590 841 714 886 servetur
728 831 763 886 ad
777 831 865 888 imum

163 910 265 971 Qualis
279 909 314 966 ab
328 909 442 983 incepto
456 909 631 984 processerit,
646 920 674 965 et
686 909 740 965 sibi
756 920 873 968 constet.

163 989 285 1046 Difficile
300 999 343 1045 est
356 986 466 1063 proprie
481 989 643 1046 communia
657 989 766 1045 dicere:
780 1000 866 1064 tuque

163 1065 285 1125 Rectius
299 1067 418 1123 Iliacum
432 1087 546 1125 carmen
561 1068 678 1124 deducis
692 1068 721 1123 in
736 1078 825 1139 actus,

162 1146 261 1208 Quam
275 1147 298 1202 si
311 1146 448 1221 proferres
462 1147 558 1222 ignota
572 1146 731 1220 indictaque
744 1147 859 1222 primus.
907 1190 910 1196 Δ

163 1226 280 1282 Publica
294 1225 425 1282 materies
438 1225 537 1300 privati
549 1225 620 1300 juris
633 1225 695 1295 erit,
710 1226 734 1281 si

163 1304 227 1361 Nec
241 1305 317 1361 circa
331 1304 413 1360 vilem
427 1304 608 1378 patulumque
623 1303 774 1360 moraberis
788 1304 903 1375 orbem;

163 1383 227 1441 Nec
241 1383 356 1440 verbum
370 1382 454 1439 verbo
468 1383 579 1439 curabis
591 1383 717 1455 reddere,
732 1383 805 1440 fidus

163 1461 321 1537 Interpres3
336 1480 391 1518 nec
404 1460 517 1518 desilies
531 1462 652 1519 imitator
666 1463 695 1518 in
710 1474 829 1535 arctum,

162 1541 245 1598 Unde
259 1541 360 1616 pedem
372 1540 494 1615 proferre
507 1542 604 1616 pudor·
610 1551 693 1613 vetet,
707 1552 756 1598 aut
769 1541 861 1616 operis
873 1542 927 1600 lex.

203 1619 266 1676 Nec
280 1619 321 1675 sic
334 1619 462 1694 incipies,
477 1630 508 1676 ut
521 1620 638 1695 scriptor
652 1620 779 1694 cyclicus
788 1620 872 1677 olim:
969 1650 971 1657 v

164 1697 346 1756 “Fortunam
361 1697 465 1754 Priami
480 1699 600 1755 cantabo
613 1709 642 1756 et
655 1700 749 1756 nobile
762 1700 895 1756 bellum.''

161 1777 242 1840 Quid
257 1777 374 1852 dignum
387 1788 465 1835 tanto
479 1778 547 1834 feret
560 1778 607 1834 hic
621 1779 769 1853 promissor
784 1779 882 1835 hiatul
941 1771 946 1842 J
1040 1778 1047 1786 '

162 1856 325 1913 Parturiunt
338 1868 602 1929 montes„nascetur
616 1857 751 1914 ridiculus
765 1876 835 1912 mus.

162 1933 281 1996 Quanto
295 1934 400 1993 rectilis
414 1936 460 1993 hic
474 1937 521 2010 qui
536 1935 575 1993 nil
589 1935 702 1992 molitur
717 1932 829 2010 inepte!

163 2015 246 2071 “Dic
260 2014 338 2085 mihi,
354 2014 447 2087 Musa,
462 2015 562 2085 virum,
577 2024 666 2089 captae
680 2025 744 2088 post
756 2024 882 2088 tempora
895 2013 1000 2091 Trojae,

160 2093 221 2156 Qui
236 2113 327 2151 mores
341 2094 486 2150 hominum
501 2093 651 2149 multorum
667 2092 736 2149 vidit
748 2103 777 2149 et
790 2093 900 2150 urbes.’'

162 2172 229 2230 Non
244 2173 351 2229 fumum
365 2181 400 2228 ex'
414 2173 531 2247 fulgore,
546 2172 595 2228 sed
609 2190 645 2227 ex
659 2171 735 2229 fumo
748 2173 815 2229 dare
829 2172 922 2230 lucem

162 2253 284 2326 Cogitat,
300 2263 330 2308 ut
344 2252 470 2326 speciosa
484 2251 588 2308 dehinc
602 2251 738 2308 miracula
751 2263 868 2327 promat,
935 2291 936 2295 κ

162 2332 336 2406 Antiphaten
351 2330 529 2406 Scyllamque
543 2342 571 2388 et
584 2350 649 2387 cum
664 2331 789 2406 Cyclope
801 2331 979 2406 Charybdim
1043 2332 1098 2390 145
1144 2334 1149 2346 ’

162 2409 226 2467 Nec
240 2411 360 2466 reditum
375 2409 520 2467 Diomedis
534 2411 569 2466 ab
584 2409 698 2466 interitu
712 2408 860 2484 Meleagri,

163 2488 226 2545 Nec
240 2489 354 2563 gemino
368 2488 473 2544 bellum
488 2488 645 2562 Trojauum
659 2488 766 2543 orditur
780 2488 815 2543 ab
828 2506 901 2551 ovo„

164 2569 282 2640 Semper
298 2567 333 2621 ad
347 2576 478 2622 eventum
493 2567 606 2622 festinat
614 2585 621 2633 3
643 2566 713 2621 etin
728 2566 835 2625 medias
848 2586 903 2639 ree,
935 2580 938 2586 “

162 2644 229 2701 Non
244 2662 326 2700 secus
340 2663 374 2699 ac
388 2655 477 2715 notas,
492 2644 647 2701 auditorem
661 2645 751 2718 rapit;
772 2655 810 2717 et,
823 2662 886 2721 quae

162 2723 300 2798 Desperat
313 2733 431 2779 tractata
444 2724 582 2780 nitescere
596 2742 687 2799 posse,
702 2723 832 2799 relinquit
843 2745 850 2794 ;

162 2805 256 2878 Atque
272 2803 310 2858 ita
323 2803 466 2874 mentitur,
481 2803 522 2859 sic
535 2803 608 2859 veris
621 2802 691 2859 falsa
704 2804 844 2876 remiscet,

162 2883 257 2939 Primo
270 2892 307 2938 n‘e
321 2881 456 2953 medium,
471 2882 564 2939 medio
578 2902 614 2938 ne
627 2882 767 2956 discrepet
780 2883 878 2939 imum.

201 2961 258 3031 Tu,
273 2961 339 3035 quid
354 2979 407 3036 ego
420 2973 449 3017 et
461 2962 581 3037 populus
594 2980 706 3018 mecum
721 2962 870 3034 desideret,
884 2962 967 3019 audi:

163 3041 193 3097 Si
206 3040 342 3116 plausoris
355 3058 422 3114 eges
433 3040 522 3096 aulaea
534 3040 684 3111 manentis,
697 3050 726 3096 et
739 3059 827 3115 usque
853 3077 856 3083 ·

162 3121 282 3192 Sessuri,
297 3121 388 3177 donec
402 3130 509 3190 cantor,
524 3119 609 3176 “Vos
623 3119 774 3194 plaudite,''
786 3120 871 3193 dicat,

163 3198 266 3256 AEtatis
280 3199 415 3274 cujusque
429 3195 545 3255 notandi
559 3209 626 3254 sunt
639 3199 690 3255 tibi
703 3218 805 3271 mores,

163 3277 370 3352 Mobilibusque
384 3278 468 3335 decor
482 3277 591 3335 naturis
605 3277 715 3334 dandus
728 3289 757 3334 et
770 3279 860 3336 annis.

163 3355 297 3413 Reddere
310 3358 358 3432 qui
371 3376 455 3414 voces
466 3357 525 3432 jam
539 3357 683 3432 scit-puer,
697 3368 728 3414 et
738 3359 810 3432 pede
823 3368 900 3416 certo

164 3436 265 3510 Signat
279 3436 404 3506 humum,
418 3436 502 3511 gestit
515 3436 628 3512 paribus
641 3436 793 3508 colludere,
808 3447 835 3493 et
848 3437 918 3494 iram

164 3514 279 3588 Colligit
293 3531 326 3569 ac
339 3514 417 3588 ponit
430 3513 547 3588 temere,
562 3526 591 3572 et
611 3525 734 3572 mutatur
749 3515 779 3570 in
793 3515 883 3573 horas.
969 3520 973 3526 '
1042 3513 1097 3570 160

164 3592 313 3649 Imberbus
324 3591 444 3667 juvenis,
458 3596 573 3652 tandem
587 3594 703 3651 custode
717 3604 834 3667 remoto,

163 3671 277 3730 Gaudet
289 3671 368 3746 equis
381 3673 554 3748 canibusque
568 3684 597 3730 et
610 3671 697 3749 aprici
710 3673 837 3747 gramine
851 3669 951 3746 Campi
959 3688 967 3740 ;
1022 3692 1026 3697 ·
1079 3731 1083 3738 ,

165 3751 274 3808 Cereus
288 3749 318 3806 in
332 3748 430 3806 vitium
443 3749 529 3864 decri,
542 3751 727 3809 monitoribus
738 3769 829 3828 asper,
