2444 4216
157 224 214 282 18⁰
475 220 505 277 Q.
522 217 665 267 nondun
681 218 805 268 FLAOOE

194 363 316 422 Lubrica
328 373 478 421 nascentes
491 360 608 436 implent
621 360 767 436 conchylia
780 360 862 417 lunar.

195 443 253 499 Sed
266 463 322 500 non
336 459 417 498 omne
430 459 507 496 mare
520 450 562 496 est
575 452 716 514 generosa
731 438 821 495 fertile
835 448 927 496 testae:

194 519 304 578 Murice
318 519 423 578 Baiano
436 519 532 575 melior
546 517 670 574 Lucrina
682 517 800 592 peloris;

193 600 294 657 Ostrea
304 596 432 668 Circeiis,
446 595 559 653 Miseno
571 597 698 653 oriuntur
711 596 821 664 echini;

193 677 354 735 Pectinibus
367 675 469 751 patulis
479 676 566 751 jactat
577 694 607 730 se
621 675 703 732 molle
717 674 882 731 Tarentum.

193 756 256 813 Nec
269 755 321 811 sibi
335 773 478 812 coenarum
491 753 581 827 quivis
594 749 698 811 temere
714 765 823 828 arroget
835 764 932 825 artem,

192 834 259 891 Non
272 831 349 910 prids
362 832 461 890 exacta
474 833 551 889 tenui
565 832 672 889 ratione
685 851 822 907 saporum.

192 912 256 970 Nec
268 909 336 969 satis
349 923 392 969 est
404 911 470 968 card
482 912 712 986 piscesaverrere
725 910 824 967 mensal

151 1039 153 1044 .
192 990 325 1067 Ignarum
340 991 440 1065 quibus
452 1001 494 1047 est
504 991 550 1065 jus
563 990 663 1066 aptius,
677 1000 706 1046 et
718 989 820 1064 quibus
832 989 901 1046 assis

191 1069 356 1144 Languidus
369 1071 398 1127 in
412 1069 537 1126 cubitum
549 1069 606 1144 jam
620 1087 650 1124 se
663 1070 780 1125 conviva
794 1078 916 1142 reponet

191 1148 306 1219 Umber,
320 1160 348 1205 et
361 1148 449 1223 iligna
462 1149 584 1204 nutritus
596 1147 708 1223 glande,
722 1148 856 1204 rotundas
882 1203 885 1206 .

191 1227 296 1284 Curvet
309 1247 374 1303 aper
386 1227 482 1284 lances
496 1245 609 1283 carnem
623 1225 734 1282 vitantis
748 1225 881 1283 inertem:

192 1305 268 1362 Nam
282 1305 408 1362 Laurens
421 1305 511 1362 malus
524 1317 575 1376 est,
590 1305 660 1360 ulvis
672 1315 701 1361 et
714 1305 850 1361 arundine
864 1305 983 1382 pinguis.

190 1385 283 1441 Vinea
296 1384 433 1442 submittit
446 1403 560 1459 capreas
574 1403 630 1440 non
644 1383 872 1458 semper‘edules.

192 1461 344 1519 Foecundae
357 1462 459 1538 leporis
472 1463 582 1536 sapiens
596 1463 746 1518 sectabitur
760 1481 859 1519 armos.

191 1541 319 1598 Piscibus
332 1554 413 1616 atque
427 1542 523 1598 avibus
536 1559 597 1615 quae
611 1552 710 1597 natura
723 1551 751 1597 et
765 1541 834 1598 foret
848 1552 923 1614 aetas,

191 1620 266 1677 Ante
280 1639 372 1676 meum
386 1619 456 1676 nulli
470 1611 559 1694 p'atuit
571 1619 687 1693 quaesita
699 1620 830 1695 palatum.

191 1700 265 1755 Sunt
277 1718 393 1773 quorum
407 1698 552 1774 ingenium
565 1718 637 1755 nova
651 1697 760 1756 tantum
773 1699 896 1756 crustula
907 1698 1017 1774 promit

190 1776 374 1852 Nequaquam
387 1775 455 1834 satis
468 1778 498 1834 in
511 1796 541 1833 re
555 1778 612 1833 una
625 1797 790 1835 consumere
804 1796 916 1835 curam:

190 1855 228 1913 Ut
241 1857 265 1913 si
277 1857 339 1932 quis
351 1853 441 1914 solirm
455 1858 517 1926 hoc,
531 1855 605 1913 mala
617 1875 654 1912 ne
668 1856 723 1913 sint
737 1857 810 1928 vina,
823 1857 928 1915 laboret

189 1935 277 1996 Quali
291 1935 438 2011 perfundat
449 1936 540 2011 pisces
554 1953 668 1992 securus
681 1935 760 1991 olivo.

191 2013 314 2071 Massica
327 2015 351 2071 si
365 2014 437 2073 coelo
450 2033 589 2090 supponas
603 2013 666 2070 vina
680 2033 788 2085 sereno,

190 2092 348 2164 Nocturna,
362 2093 464 2167 siquid
478 2094 563 2150 crassi
576 2104 628 2163 est,
642 2093 800 2150 tenuabitur
813 2092 891 2165 aura,

190 2170 228 2227 Et
240 2170 358 2227 decedet
370 2173 436 2227 odor
450 2173 542 2229 nervis
555 2172 701 2239 inimicus;
722 2184 750 2229 at
763 2172 810 2228 illa

190 2248 335 2325 Integrum
349 2250 469 2325 perdunt
481 2250 540 2306 lino
553 2250 648 2306 vitiata
662 2270 796 2325 saporem.

191 2328 355 2386 Surrentina
369 2328 442 2385 vafer
455 2329 503 2402 qui
516 2328 616 2384 miscet
631 2329 700 2384 faece
714 2328 835 2385 Falerna

189 2408 274 2479 Vina,
288 2407 446 2466 columbino
459 2408 555 2464 limum
570 2407 641 2464 bene
655 2406 760 2482 colligit
774 2426 825 2464 ovo
833 2427 840 2478 ;

188 2487 340 2548 Quatenus
353 2487 409 2544 ima
421 2488 490 2562 petit
501 2487 611 2544 volvens
624 2486 716 2543 aliena
729 2486 845 2544 vitellus.

190 2565 285 2623 Tostis
299 2579 468 2623 marcentem
483 2566 588 2641 squillis
601 2566 744 2622 recreabis
753 2576 781 2622 et
794 2565 865 2622 Afra

189 2645 318 2703 Potorem
333 2647 465 2714 cochlea;
486 2665 551 2702 nam
565 2645 676 2702 lactuca
689 2646 796 2702 innatat
809 2645 866 2702 acri

189 2724 256 2782 Post
269 2725 362 2780 vinum
377 2726 534 2781 stomacho:
555 2725 643 2798 perna
657 2722 746 2799 magis
759 2742 793 2780 ac
807 2722 896 2800 magis
909 2725 983 2783 hillis

188 2803 309 2879 Flagitat
323 2803 351 2859 in
366 2821 472 2860 morsus
486 2803 578 2870 refici3
599 2802 666 2876 quin
681 2803 775 2859 omnia
789 2803 875 2874 malit,

187 2883 375 2956 Quaecunque
388 2882 539 2939 immundis
550 2881 655 2938 servent
669 2880 744 2938 illata
756 2881 874 2958 popinis.

189 2959 241 3017 Est
252 2980 343 3036 operae
356 2961 475 3038 pretium
489 2959 609 3035 duplicis
622 2978 787 3034 pernoscere
799 2960 869 3035 juris

183 3037 342 3099 Naturam:
364 3040 481 3117 simplex
493 3033 510 3099 e
523 3039 598 3096 dulci
610 3050 721 3096 constat
733 3039 815 3111 olivo,
853 3061 854 3064 ¹

187 3116 274 3176 Quod
288 3119 386 3193 pingui
400 3121 518 3175 miscere
532 3139 609 3176 mero
623 3119 769 3193 muriaque
783 3119 903 3190 decebit,

189 3193 255 3250 Non
270 3195 324 3250 alia
337 3196 420 3270 quam
434 3198 489 3271 qud
503 3197 640 3270 Byzantia
654 3199 758 3274 putruit
771 3217 844 3255 orca.

189 3273 254 3330 Hoc
268 3274 315 3328 ubi
329 3274 474 3329 confusum
490 3275 573 3330 sectis
587 3276 719 3333 inferbuit
733 3276 834 3348 herbis,

189 3351 362 3428 Corycioque
375 3370 457 3408 croco
464 3370 594 3426 sparsum
608 3356 692 3424 stetit,
706 3356 818 3429 insuper
832 3355 918 3413 addes

188 3431 288 3489 Pressa
301 3431 468 3488 Venafranae
481 3431 554 3505 quod
570 3431 656 3487 bacca
669 3432 774 3489 remisit
787 3434 874 3491 olivae.

188 3510 301 3568 Picenis
314 3511 418 3567 cedunt
431 3510 520 3585 pomis
533 3508 663 3566 Tiburtia
674 3529 773 3579 succo;

188 3589 263 3648 Nam
279 3590 349 3647 facie
363 3600 501 3664 praestant.
541 3587 690 3645 Venucula
703 3591 834 3649 convenit
845 3592 923 3662 ollis3

188 3667 309 3728 Rectius
323 3669 462 3726 Albanam
477 3669 553 3726 sumo
566 3667 707 3724 duraveris
721 3685 810 3726 uvam.

188 3745 273 3806 Hanc
286 3769 339 3826 ego
351 3767 417 3806 curn
430 3748 519 3822 malis,
532 3767 586 3825 ego
600 3744 697 3804 secem
710 3747 815 3823 primus
827 3760 857 3807 et
866 3749 958 3823 halec,
