2444 4216
378 213 618 263 urrsrouanuar
634 216 699 264 Lm.
717 216 738 264 r.
756 219 792 264 rs.
1012 217 1073 278 165Ι

139 356 200 417 Qui
214 355 293 426 dicit,
307 355 417 426 clamat,
433 356 576 415 “Victum
591 359 683 415 date.'’
724 359 854 416 Succinit
864 359 951 417 alter:

141 440 158 466 “
172 435 209 491 Et
222 434 290 490 mibi
304 434 415 491 dividuo
428 433 548 493 findetur
562 457 677 507 munere
690 438 823 512 quadra.''

142 514 199 571 Sed
213 513 314 569 tacitus
328 513 404 586 pasci
418 513 441 568 si
454 526 548 588 posset
561 533 670 586 corvus,
685 517 799 575 haberet
1029 519 1069 575 50

141 592 209 648 Plus
222 591 310 667 dapis,
323 602 351 648 et
364 592 430 647 rixae
444 591 531 655 multo
546 593 647 665 minus,
662 595 835 670 invidiaeque.

182 671 368 727 Brundusium
382 689 478 726 comes
492 682 539 727 aut
553 673 718 728 Surrentum
739 674 841 732 ductus
854 693 1004 746 amoenum,

142 748 203 810 Qui
217 749 338 823 queritur
352 749 473 805 salebras
487 760 515 815 et
529 751 661 807 acerbum
675 750 762 826 frigus
775 764 803 809 et
816 754 927 828 imbres,

143 828 203 884 Aut
216 829 314 899 cistam
328 827 471 883 effractam
486 839 533 885 aut
546 830 684 886 subducta
697 831 796 886 viatica
805 832 902 905 plorat,

142 906 218 963 Nota
230 909 314 963 refert
327 906 481 962 meretricis
494 908 635 978 acumina,
650 907 724 983 saepb
739 910 877 981 catellam,
1031 911 1070 968 55

144 982 225 1060 Sap&
242 984 434 1060 periscelidem
448 998 553 1060 raptam
569 988 621 1043 sibi
636 988 745 1056 flentis;
768 984 807 1045 uti
819 1007 883 1045 mox

143 1063 229 1120 Nulla
241 1065 310 1126 fides
324 1063 434 1119 damnis
447 1067 571 1140 verisque
585 1067 726 1124 doloribus
739 1066 818 1123 adsit.

140 1138 206 1198 Nec
220 1143 305 1198 semel
320 1142 415 1198 irrisus
428 1143 515 1200 triviis
529 1145 652 1201 attollere
665 1155 744 1201 curat
909 1202 911 1206 ,

144 1220 247 1278 Fracto
258 1240 338 1276 crure
348 1220 463 1295 planum
475 1242 481 1289 ;
502 1223 569 1279 licet
582 1223 622 1279 illi
632 1224 752 1297 plurima
764 1234 859 1279 manet
942 1263 945 1272 .

144 1299 298 1373 Lacryma;
320 1318 369 1373 per
383 1311 509 1356 sanctum
522 1301 630 1375 juratus
643 1302 720 1358 dicat
732 1301 848 1373 Osirim,
1033 1302 1072 1359 60

145 1383 162 1408 “
178 1378 301 1448 Credite,
315 1395 373 1432 non
386 1376 470 1446 ludo;
492 1380 630 1452 crudeles,
644 1381 731 1438 tollite
744 1379 903 1437 claudum.”

144 1463 162 1487 ‘⁴
176 1457 282 1518 Quaere
295 1455 501 1529 peregrinum,'’
517 1459 620 1516 vicinia
633 1478 719 1517 rauca
731 1459 872 1516 reclamat.

425 1769 624 1828 sersaoni
637 1770 753 1829 xvrn.
768 1852 771 1858 1

492 1908 531 1947 AD
550 1910 685 1950 noenum.

112 2075 114 2079 ,
130 2014 178 2075 ,81
192 2012 263 2069 bene
277 2023 304 2069 te
317 2013 393 2083 novi,
405 2022 523 2087 metues,
536 2011 676 2067 liberrime
691 2011 772 2082 Lolli,
936 2083 939 2090 ι

60 2104 63 2109 ·
146 2091 304 2149 Scurrautis
317 2091 438 2167 speciem
452 2091 585 2164 praebere,
599 2089 738 2164 professus
749 2089 880 2148 amicum.

144 2170 183 2227 Ut
196 2181 320 2227 matrona
330 2164 471 2225 meretrici
483 2169 576 2242 dispar
586 2169 638 2224 erit
652 2180 733 2243 atque

145 2248 282 2320 Discolor,
297 2248 383 2304 infido
396 2266 499 2303 scurrae
513 2247 625 2305 distabit
638 2247 753 2305 amicus.

145 2327 275 2384 Esthuic
289 2327 430 2383 diversum
444 2327 510 2384 vitio
520 2325 617 2383 vitium
630 2324 716 2403 propri
731 2326 831 2402 majus,

145 2408 289 2481 Asperitas
304 2407 419 2480 agrestis
432 2417 460 2462 et
470 2406 642 2462 inconcinna
655 2407 810 2480 gravisque,

144 2484 221 2545 Qnae
236 2504 265 2539 se
278 2484 456 2540 commendat
469 2485 549 2541 tonsa
561 2494 635 2552 cute,
649 2484 780 2551 dentibus
793 2482 859 2538 atris
867 2502 874 2550 ;

145 2563 221 2620 Dum
236 2562 293 2618 vult
306 2561 418 2617 libertas
430 2563 486 2618 dici
500 2580 586 2628 mera,
600 2579 717 2634 veraque
731 2561 823 2617 virtus.

145 2641 242 2699 Virtus
256 2650 298 2695 est
311 2639 435 2694 medium
446 2639 573 2696 vitiorum
584 2648 613 2694 et
626 2639 754 2713 utrinque
765 2640 919 2696 reductum.

145 2719 226 2776 Alter
241 2719 270 2774 in
283 2717 445 2791 obsequium
461 2715 524 2791 plbs
539 2736 616 2791 aequo
629 2728 784 2792 pronus-et
798 2717 846 2775 imi
1040 2721 1076 2777 lu

144 2798 259 2856 Derisor
272 2797 348 2867 lecti,
362 2795 403 2851 sic
417 2807 515 2852 nutum
530 2796 621 2853 divitis
635 2798 737 2867 horret,
787 2813 789 2817 ’

145 2879 194 2934 Sic
208 2878 288 2933 iterat
302 2894 393 2945 voces,
408 2885 436 2930 et
449 2875 532 2930 verba
545 2874 674 2931 cadentia
686 2876 767 2947 tollit,

144 2955 183 3013 Ut
196 2974 312 3031 puerum
327 2973 399 3010 saevo
412 2955 509 3010 credas
520 2954 624 3010 dictata
637 2956 768 3028 magistro

146 3034 288 3105 Reddere,
303 3033 345 3089 vel
359 3043 450 3107 partes
465 3034 580 3089 mimum
592 3030 711 3088 tractare
725 3033 873 3090 secundas.
896 3072 900 3079 =

146 3113 225 3170 Alter
239 3113 342 3169 rixatur
356 3113 391 3168 de
402 3110 467 3167 land
481 3107 554 3184 saepb
566 3107 704 3185 caprini,
1040 3117 1076 3172 15

146 3190 305 3267 Propugnat
319 3190 402 3266 nugis
416 3202 555 3247 armatus:
577 3193 594 3218 “
608 3189 733 3261 Scilicet,
745 3201 775 3248 ut
788 3209 845 3249 non

147 3270 191 3347 Sit
204 3271 271 3326 mihi
285 3271 373 3345 prima
387 3269 465 3340 fides,
481 3280 518 3339 et,
533 3265 597 3324 vere
611 3269 685 3342 quod
698 3270 798 3343 placet,
810 3280 840 3326 ut
853 3289 912 3328 non

145 3349 258 3406 Acriter
272 3349 396 3415 elatrem,
410 3349 529 3423 pretium
545 3358 611 3403 aetas
624 3349 710 3404 altera
723 3349 843 3408 sordet.'’

144 3427 307 3503 Ambigitur
321 3427 386 3500 quid
400 3427 498 3483 eniml
519 3425 617 3483 Castor
631 3427 702 3483 sciat
715 3446 751 3482 an
765 3427 899 3494 Dolichos
908 3427 984 3502 plua;

146 3505 337 3563 Brundusium
352 3503 461 3561 Minuci
475 3502 575 3562 melius
589 3505 632 3561 via
643 3505 738 3575 ducat,
744 3523 785 3560 au
798 3504 883 3582 Appi.

185 3585 282 3645 Quem
297 3584 431 3639 damnosa
444 3585 551 3655 Venus,
564 3602 648 3657 quem
661 3601 785 3657 praeceps
798 3583 858 3640 alea
871 3583 967 3653 nudat,

146 3664 242 3721 Gloria
254 3680 337 3737 quem
351 3679 433 3735 supra
446 3662 518 3718 vires
531 3673 560 3718 et
573 3662 653 3718 vestit
666 3676 694 3717 et
708 3661 797 3735 ungit,

146 3742 243 3804 Quem
256 3751 334 3819 tenet
346 3739 454 3814 argenti
468 3741 528 3798 sitis
540 3741 699 3815 importuna
711 3737 863 3815 famesque,
