2444 4216
408 187 608 237 CARMINUM
623 188 687 237 LIB.
705 191 755 239 111.

285 333 343 389 Aut
357 332 459 388 crescit
472 331 593 388 Albanis
607 332 636 389 in
650 333 746 390 herbis

321 410 453 481 Victima,
468 411 632 486 pontificum
648 432 762 470 secures

245 489 363 546 Gervrce
375 491 473 565 tinget.
509 489 638 547 Te'nihil
654 493 754 549 attinet

245 569 369 626 Tentare
383 570 472 626 multe
487 571 565 625 caede
581 571 737 628 bidentium

283 649 387 706 Parvos
401 661 583 705 coronantem
597 651 706 707 marino

322 728 400 785 Rore
416 728 493 799 deos,
511 728 654 802 fragilique
668 740 765 803 myrto.

245 807 384 863 Immunis
398 826 474 863 aram
489 808 512 863 si
524 807 619 882 tetigit
633 827 743 880 manus,

243 886 310 944 Non
326 887 488 961 sumptuosis
504 887 630 943 blandior
645 888 747 960 hostici,

284 966 403 1023 Mollivit
417 985 527 1023 aversos
542 966 663 1023 Penates

322 1045 409 1102 Farre
422 1046 468 1121 pio
479 1058 507 1104 et
520 1047 638 1102 saliente
652 1045 736 1103 mica.
764 1117 767 1121 ι

473 1359 557 1417 ODE
571 1359 686 1418 XVIII.

406 1520 409 1525 ⁴
421 1497 453 1538 IN
473 1498 593 1536 nlvt'ras
614 1497 734 1535 AVAROS.

361 1597 504 1654 quacars
518 1598 675 1673 opulentior

204 1677 359 1735 Thesauris
375 1678 501 1734 Arabum
516 1691 545 1735 et
559 1677 648 1733 divitis
663 1675 763 1751 lndiae,

362 1757 516 1814 Caementis
530 1758 594 1814 licet
607 1774 730 1832 occupes
782 1753 786 1762 “

203 1836 383 1912 Tyrrhenum
397 1855 481 1894 omne
496 1838 549 1893 tuis
562 1847 590 1891 et
604 1855 680 1893 mare
695 1836 868 1911 Apulicum;

359 1917 390 1972 Si
405 1917 465 1992 figit
479 1916 673 1972 adamantinos
701 1962 703 1967 ⁴

204 1997 327 2052 Summis
342 1998 490 2053 verticibus
504 1993 565 2049 dira
579 1993 743 2050 Necessitas

219 2073 222 2081 ’
359 2076 468 2142 Clavos‚
484 2091 540 2128 non
556 2074 680 2128 animum
696 2083 783 2147 metu,

202 2152 268 2210 Non
283 2156 379 2211 mortis
393 2152 497 2228 laqueis
511 2152 644 2226 expedies
658 2164 749 2228 caput.

358 2234 535 2307 Campestres
550 2229 650 2290 melius
665 2233 788 2308 Scythae,

200 2311 330 2373 Quorum
345 2314 465 2389 plaustra
479 2330 562 2386 vagas
576 2310 629 2369 rite
644 2314 758 2371 trahunt
772 2313 879 2386 domos,

357 2391 470 2461 Vivunt,
485 2403 514 2447 et
527 2392 610 2466 rigidi
624 2393 721 2462 Getae3

200 2470 346 2527 Immetata
359 2470 460 2542 quibus
472 2471 572 2544 jugera
586 2471 688 2527 liberas

355 2547 463 2621 Fruges
477 2560 505 2602 et
520 2548 653 2603 Cererem
669 2551 771 2621 ferunt,

200 2627 265 2684 Nec
279 2624 386 2680 cultura
399 2627 491 2698 placet
505 2626 613 2700 longior
628 2628 723 2684 annui
731 2648 738 2698 ;

356 2703 585 2779 Defunctumque
600 2706 739 2765 laboribus

201 2782 312 2858 AEquali
327 2795 433 2840 recreat
447 2799 520 2841 sorte
536 2785 662 2844 vicarius.

355 2863 417 2919 lllic
432 2876 520 2921 matre
535 2867 696 2923 carentibus

198 2943 336 3019 Privignis
350 2943 450 3000 mulier
464 2956 601 3019 temperat
615 2947 767 3017 innocens3

354 3022 419 3079 Nec
434 3024 528 3078 dotata
542 3024 615 3098 regit
629 3025 718 3080 virum

198 3103 318 3178 Conjux‚
333 3121 387 3159 nec
401 3102 490 3158 nitido
504 3101 564 3159 fidit
579 3102 721 3162 adultero:

354 3182 413 3237 Dos
427 3193 469 3238 est
484 3201 586 3258 magna
599 3185 757 3258 parentium

205 3261 310 3332 Virtus,
325 3272 353 3318 et
368 3273 496 3318 metuens
510 3262 622 3318 alterius
637 3264 686 3320 viri

353 3341 438 3398 Certo
453 3341 556 3399 foedere
570 3343 692 3416 castitas,

198 3417 235 3476 Et
248 3438 366 3494 peccare
381 3421 469 3489 nefas,
484 3432 532 3478 aut
545 3423 664 3497 pretium
679 3423 774 3481 emori.

352 3499 379 3556 Ο
394 3501 518 3576 quisquis
532 3501 605 3558 volet
618 3502 717 3576 impias

197 3576 308 3648 Caedes',
322 3589 350 3635 et
364 3581 469 3637 rabier'n
483 3580 580 3638 tollere
595 3581 723 3652 civicam,

349 3653 385 3714 lSi
398 3672 503 3734 quaeret
516 3668 594 3735 pater
609 3660 718 3716 urbium

198 3735 464 3851 Subscribiatu'tatuia,
477 3739 643 3807 indomitam
656 3739 758 3796 audent
784 3790 788 3797 .
823 3767 832 3780 =·
