2444 4216
119 200 176 260 190
438 197 468 253 Q.
487 193 631 244 Honesti
647 195 770 246 FLACCI

153 339 228 412 Nec,
242 340 428 414 quodcunque
441 339 523 410 volet,
534 347 632 413 poscat
644 337 698 396 sibi
711 338 805 395 fabrile
818 340 912 411 credi;
1039 391 1042 396 .

153 418 221 476 Neu
235 438 343 495 pransae
357 418 462 475 Lamiae
476 417 568 475 vivum
582 435 700 492 puerum
714 419 841 476 extrahat
850 419 919 479 alvo.
1039 422 1095 480 340

154 497 297 556 Centuriae
312 497 451 554 seniorum
464 496 572 572 agitant
584 496 711 572 expertia
725 497 828 572 frugis;

154 577 232 634 Celsi
245 585 412 652 praetereunt
421 586 533 632 austera
546 579 677 649 poemata
690 575 852 633 Rhamnes:

154 656 249 713 Omne
263 656 324 713 tulit
336 664 484 729 punctum,
498 654 546 729 qui
558 655 673 711 miscuit
687 655 754 712 utile
765 656 851 729 dulci,

155 735 300 791 Lectorem
315 733 482 790 delectando
495 733 655 808 pariterque
664 734 813 792 monendo.

155 813 212 869 Hic
226 824 313 869 meret
327 831 382 868 aera
394 812 464 869 liber
477 812 583 882 Sosiis3
606 813 653 869 hic
666 823 695 869 et
709 833 784 870 mare
798 815 906 886 transit,
1038 816 1095 874 345

154 891 191 947 Et
204 891 319 966 longum
333 902 400 948 noto
413 891 539 966 scriptori
554 902 683 967 prorogat
697 911 794 948 aevum·

194 970 266 1027 Sunt
280 970 384 1027 delicta
396 980 491 1027 tamen
505 970 606 1045 quibus
619 971 759 1046 ignovisse
773 971 906 1028 velimus:

154 1046 230 1104 Nam
245 1050 455 1123 nequechorda
468 1069 569 1106 sonum
583 1050 675 1106 reddit
685 1069 768 1124 quem
782 1051 840 1107 vult
850 1070 951 1108 manus
964 1062 993 1109 et
1005 1071 1095 1126 meus,

154 1127 340 1202 Poscentique
354 1146 466 1203 gravem
480 1125 604 1203 persaepe
619 1129 736 1185 remittit
749 1141 879 1198 acutum3

155 1205 219 1263 Nec
233 1226 341 1282 semper
356 1207 436 1264 feriet
449 1208 636 1281 quodcunque
651 1208 802 1276 minabitur
816 1227 906 1264 arcus.
925 1209 928 1216 ’
1038 1211 1096 1268 351)

155 1284 273 1358 Verium,
289 1287 336 1342 ubi
346 1286 426 1361 plura
439 1287 529 1343 nitent
542 1285 578 1342 in'
587 1287 722 1358 carmine,
736 1306 793 1344 non
807 1306 860 1362 ego
873 1288 972 1362 paucis

154 1363 290 1421 Offendar
304 1365 431 1437 niaculis,
449 1384 519 1439 quas
532 1375 580 1421 aut
590 1365 699 1422 incuria
713 1365 793 1437 fudit,
1013 1433 1015 1437 7

156 1443 216 1500 Aut
230 1444 352 1500 humana
365 1463 462 1518 parum
477 1444 551 1500 cavit
564 1444 793 1505 natura-Quid
806 1463 874 1520 ergo
886 1457 928 1503 est
936 1447 987 1501 l-

155 1521 193 1578 Ut
207 1523 323 1598 scriptor
337 1523 360 1578 si
374 1534 473 1598 peccat
486 1523 561 1579 idem
574 1523 703 1579 librarius
716 1542 813 1598 usque,
993 1530 999 1537 ‘

154 1600 294 1661 Quamvis
307 1612 350 1658 est
363 1602 496 1673 monitus,
510 1601 593 1658 veniri
606 1613 699 1671 caret3
720 1613 749 1658 et
762 1603 932 1659 citharoedus
947 1605 954 1638 ·’
1037 1605 1096 1662 355

155 1678 288 1751 Ridetur,
302 1681 407 1737 chorda
421 1681 468 1754 qui
483 1700 592 1756 semper
606 1681 716 1738 oberrat
729 1681 846 1738 eidem:

157 1759 206 1814 Sic
219 1759 298 1831 mihi,
311 1759 359 1834 qui
373 1757 492 1816 multum
506 1770 607 1831 cessat,
622 1759 656 1817 fit·
666 1760 808 1816 Choerilus
821 1760 878 1830 ille,

154 1837 252 1898 Quem
266 1837 309 1894 bis
322 1848 418 1913 terque
433 1838 536 1895 bonum
551 1857 616 1894 cum
630 1838 688 1895 risu
702 1840 803 1906 miror;
824 1849 852 1896 et
865 1838 952 1895 idem'

155 1914 301 1993 Indignor,
314 1918 482 1992 quandoque
493 1917 583 1974 1111111Ι
597 1917 729 1973 dormitat
742 1917 892 1989 Homerus.

156 1992 264 2065 Verum
277 1996 354 2071 operi
368 1995 453 2070 longo
466 1997 507 2051 fas
520 2005 564 2050 est
575 1997 709 2070 obrepere
723 2013 862 2051 somnum.
1040 1999 1097 2056 360

195 2072 233 2129 Ut
245 2073 363 2148 pictura,
377 2073 488 2147 poesim
510 2073 563 2130 erit
575 2091 647 2148 que,
661 2073 685 2128 si
698 2070 811 2148 propibs
825 2084 890 2144 stes,

155 2149 202 2207 Te
215 2152 307 2225 capiet
321 2148 420 2226 magis,
435 2163 464 2208 et
476 2153 614 2225 quaedam,
629 2151 652 2207 si
666 2149 778 2228 longius
789 2152 888 2209 abstes.

156 2227 229 2285 Haec
242 2240 316 2286 amat
328 2230 496 2298 obscurum,
517 2231 590 2287 volet
604 2231 665 2286 haec
679 2231 731 2286 sub
744 2231 809 2288 luce
819 2231 916 2304 videri,

156 2307 175 2364 J
177 2307 267 2364 udicis
280 2319 409 2384 argutum
423 2326 484 2382 quar
498 2327 555 2364 non
570 2308 699 2365 formidat
713 2327 850 2366 acumen:

157 2386 229 2443 Haec
242 2387 347 2462 placuit
360 2386 456 2459 semel,
471 2387 532 2444 haec
545 2387 641 2443 decies
654 2388 771 2462 repetita
783 2387 914 2462 placebit.
1039 2392 1098 2449 365

195 2465 223 2522 Ο
238 2466 324 2542 major
335 2466 481 2542 juvenum,
495 2466 620 2541 quamvis
634 2476 662 2522 et
676 2484 744 2522 voce
758 2470 876 2541 paterna
1018 2528 1019 2532 ,

156 2543 286 2621 Fingeris
300 2545 335 2602 ad
349 2557 467 2617 rectum,
481 2555 510 2602 et
519 2566 569 2621 per
582 2557 611 2602 te
624 2545 707 2619 sapis,
723 2547 776 2602 huc
789 2546 839 2602 tibi
854 2548 961 2604 dictum

156 2622 240 2683 Tolle
254 2643 379 2681 memor:
401 2625 484 2681 certis
499 2624 623 2681 medium
636 2634 664 2680 et
678 2624 819 2681 tolerabile
834 2627 917 2682 rebus

156 2700 250 2761 Recte
265 2703 391 2760 concedi.
433 2703 586 2760 Consultus
597 2703 676 2779 juris,
691 2713 719 2760 et
733 2716 809 2760 actor

157 2783 314 2839 Causarum
328 2782 486 2853 mediocris,
501 2782 580 2838 abest
593 2782 694 2839 virtute
708 2783 804 2839 diserti
1037 2784 1096 2840 370

156 2860 295 2933 Messalae,
310 2878 365 2916 nec
378 2861 431 2917 scit
443 2857 578 2935 quantiam
592 2855 748 2921 Cascellius
762 2861 853 2918 Aulus
865 2884 871 2929 ;

157 2940 214 2994 Sed
228 2951 322 2997 11111111
337 2939 366 2996 in
379 2938 468 3015 pretio
482 2950 541 2997 est:
562 2940 750 3010 mediocribus
763 2959 824 2996 esse
838 2940 928 3016 poetis

157 3015 223 3073 Non
239 3019 376 3091 homineS,
391 3038 448 3076 non
461 3018 501 3091 di,
515 3038 572 3076 non
586 3016 753 3076 concessere
767 3019 913 3075 columnae.

156 3093 195 3149 Ut
209 3106 302 3168 gratas
315 3098 387 3154 inter
401 3117 513 3155 mensas
526 3097 690 3173 symphonia
702 3098 817 3169 discors

157 3171 195 3229 Et
203 3189 328 3235 crassum
342 3188 528 3249 unguentum,
540 3189 568 3233 et
582 3178 671 3233 Sardo
680 3195 751 3236 ,11111
765 3177 847 3234 melle
858 3194 976 3251 papaver
1039 3177 1098 3234 375

156 3250 323 3321 Offendunt,
338 3264 445 3325 poterat
460 3255 525 3320 duci
539 3257 604 3328 quia
618 3275 699 3312 coena
713 3255 773 3312 sine
787 3256 862 3325 istis;

158 3330 208 3387 Sic
221 3328 323 3385 animis
336 3340 432 3386 natum
447 3332 646 3408 inventumque
659 3337 762 3408 poema
772 3334 912 3410 juvandis,

158 3409 190 3466 si
203 3405 318 3484 paulum
332 3427 349 3463 a
362 3426 471 3467 summo
484 3410 622 3483 discessit,
638 3412 725 3487 vergit
738 3413 774 3469 ad
788 3414 885 3470 imum.

197 3487 308 3544 Ludere
321 3487 367 3561 qui
382 3489 482 3561 nescit,
496 3491 698 3564 campestribus
712 3491 833 3550 abstinet
847 3491 942 3565 armis,

158 3566 347 3641 indoctusque
361 3567 424 3641 pilae
438 3569 543 3625 discive
557 3569 680 3626 trochive
694 3570 822 3644 quiescit,
1007 3594 1008 3597 ¹
1041 3569 1099 3628 380

157 3643 188 3702 N
189 3664 204 3702 a
219 3645 314 3721 spisse
325 3645 411 3702 risum
425 3647 522 3705 tollant
535 3645 650 3723 impune
664 3666 791 3706 coronae:
