2444 4216
438 209 472 267 Q·
488 207 634 262 nonam
651 208 774 258 FLACCI

498 428 583 488 ODE
602 429 720 489 xxlx,

407 567 447 606 AD
460 567 625 607 rossum
638 567 804 609 amusan.

272 667 301 727 Ο
313 685 394 739 nivi,
407 678 519 744 gratum
532 685 596 743 quae
609 669 684 744 regis
698 669 829 740 Antium,

272 747 402 807 Praesens
415 747 457 806 vel
472 748 530 804 imo
543 748 640 805 tollere
653 749 689 805 de
702 749 792 824 gradu

310 824 431 885 Mortale
444 845 555 902 corpus,
570 828 612 883 tel
626 828 761 903 superbos

350 906 468 963 Vertere
482 905 628 962 funeribus
641 907 813 981 triumphos:

272 985 318 1043 Te
331 1003 436 1061 pauper
451 985 538 1041 ambit
551 984 671 1042 solliciti
685 1004 770 1060 prece
853 987 855 991 ’

271 1064 361 1123 Ruris
374 1063 506 1133 colonus3
528 1073 555 1120 te
570 1065 713 1121 dominam
727 1063 855 1140 equoris,

312 1143 487 1217 Quicunque
501 1142 624 1217 Bithyna
637 1144 751 1200 lacessit

349 1221 532 1298 Carpathium
546 1224 663 1299 pelagus
676 1222 781 1280 carini.

271 1300 317 1359 Te
329 1301 428 1358 Dacus
441 1321 530 1376 asper,
545 1313 572 1358 te
585 1303 696 1378 profugi
711 1303 834 1378 Scythae,

271 1380 427 1455 Urbesque,
441 1387 605 1455 gentesque,
620 1394 648 1438 et
664 1382 776 1438 Latium
790 1381 877 1453 ferox,

243 1486 246 1490 ’
313 1460 484 1535 Regumque
497 1469 601 1515 matres
616 1460 805 1532 barbarorum,
820 1470 849 1518 et

347 1538 485 1614 Purpurei
499 1549 629 1597 metuunt
643 1540 765 1614 tyranni,

270 1616 410 1693 Injurioso
424 1635 461 1674 ua
474 1618 546 1693 pede
560 1636 675 1694 proruas

271 1697 400 1755 Stantem
413 1697 584 1770 columnam,
599 1716 656 1755 neu
669 1696 789 1774 populus
802 1697 934 1772 frequens

310 1777 358 1834 Ad
372 1795 450 1832 arma
463 1789 606 1834 cessantes
620 1778 655 1833 ad
669 1797 747 1835 arma

263 1897 265 1901 -
348 1854 489 1927 Concitet,
505 1857 709 1932 imperiumque
723 1857 841 1932 frangat.

270 1933 317 1992 Te
331 1953 440 2010 semper
454 1936 542 1992 anteit
555 1954 627 1992 saeva
641 1935 815 2006 Necessitas,

271 2013 372 2071 Clavus
386 2014 507 2072 trabales
520 2025 549 2071 et
561 2034 669 2073 cuneos
682 2034 769 2072 manu

309 2093 432 2150 Gestaus
446 2094 555 2164 ahena3
576 2114 631 2152 nec
645 2113 758 2152 severus

347 2171 447 2229 Uncus
460 2172 549 2244 abest,
563 2173 757 2249 liquidumque
770 2171 925 2248 plumbum.

269 2249 315 2308 Te
330 2251 401 2327 Spes
414 2259 443 2305 et
457 2251 521 2307 albo
534 2271 597 2309 rara
612 2252 699 2309 Fides
713 2252 780 2309 colit
885 2277 887 2281 ¹

222 2337 225 2344 '
268 2330 369 2388 Velata
382 2347 492 2405 pann0;
514 2349 568 2387 nec
582 2332 713 2388 comitem
728 2331 859 2405 abnegat,

308 2408 459 2483 Utcunque
473 2410 580 2466 mutata
593 2421 723 2486 potentes

348 2488 435 2546 Veste
449 2488 546 2547 domos
561 2489 676 2546 inimica
690 2488 802 2563 linquis.

268 2568 309 2626 At
321 2569 422 2644 vulgus
436 2565 555 2627 infidum
570 2580 599 2626 et
612 2569 743 2626 meretrix
757 2576 832 2626 retro

269 2647 387 2722 Perjura
400 2651 491 2705 cedit:
513 2649 666 2724 diffugiunt
676 2649 770 2706 cadis·
806 2672 808 2677 ⁸
842 2672 847 2680 ¹

308 2725 381 2781 Cum
397 2726 466 2784 faece
480 2727 593 2782 siccatis
607 2729 701 2811 amici,

346 2802 432 2862 Ferre
444 2806 544 2882 jugum
559 2805 662 2878 pariter
676 2804 773 2861 dolosi.

268 2884 368 2942 Serves
379 2884 484 2942 iturum
498 2882 641 2940 Caesarem
657 2883 686 2938 iu
700 2883 814 2940 ultimos

267 2962 353 3021 Orbis
366 2963 527 3036 Britannos,
541 2975 570 3020 et
580 2962 716 3039 juvenum
730 2978 831 3019 recens

306 3042 433 3102 Examen
448 3044 517 3102 Eois
530 3043 688 3100 timendum

347 3121 487 3194 Partibus,
500 3123 676 3197 &canoque
689 3121 798 3179 Rubro.

268 3199 364 3259 Eheu!
386 3203 550 3259 cicatricum
565 3213 592 3259 et
607 3201 721 3258 sceleris
734 3200 831 3277 pudet,

269 3279 462 3355 fratrumque.
502 3279 583 3340 Quid
596 3299 649 3336 nos
663 3282 732 3337 dura
745 3278 900 3354 refugimus

306 3358 408 3416 AEtasl
428 3359 494 3434 quid
509 3359 645 3415 intactum
660 3358 762 3416 nefasti

343 3436 509 3512 Liquimusl
529 3438 606 3495 unde
619 3456 738 3495 manum
746 3437 879 3513 juventus

267 3515 348 3575 Metu
362 3518 478 3575 deorum
492 3518 651 3576 continuitl
670 3518 772 3593 quibus

267 3595 306 3656 Pe
343 3597 397 3654 rcit
410 3597 527 3655 arist...
542 3597 570 3655 Ο
584 3597 691 3654 utinam
704 3594 778 3654 nora

344 3676 417 3734 cuda
431 3676 561 3753 diffingas
574 3688 699 3734 retusum
713 3675 743 3732 in

345 3754 520 3833 Massagetas
533 3755 698 3830 Arabasque
712 3752 832 3812 feminal

1062 1775 1099 1833 15
