2444 4216
382 222 703 273 EPISTOLARUMLIB.
721 226 741 273 1.
760 229 796 273 11.

143 367 254 425 Serviet
267 364 411 439 aeterndm,
424 368 489 445 quia
501 387 585 444 parvo
599 368 706 425 nesciet
719 369 768 425 nti.

143 445 199 503 Cui
212 465 270 504 non
283 446 428 503 conveniet
439 465 490 503 sua
502 466 555 519 res,
571 455 601 502 ut
615 447 727 504 calceus
738 447 814 519 olim,

143 525 175 580 Si
186 525 256 599 pede
269 524 429 599 major'erit,
442 526 599 592 subvertet3
620 525 643 580 si
657 527 756 598 minor,
769 534 839 582 uret.

141 601 239 658 Laetus
253 614 324 660 sorte
338 603 385 659 tuti
397 603 471 659 vives
485 604 632 677 sapienter,
648 604 734 660 Aristi
746 624 752 672 ;

41 684 44 688 '
108 717 109 723 κ
143 680 209 737 Nec
222 700 267 737 me
280 682 402 738 dimittes
416 682 622 756 incastigatum‚
636 682 684 736 ubi
698 683 777 757 plura

141 759 251 834 Cogere
264 757 347 834 quam
360 757 428 817 satis
441 771 492 830 est,
507 779 540 816 ac
551 778 607 817 non
621 778 739 830 cessare,
753 759 872 818 videbor.

143 837 266 913 Imperat
277 849 325 895 aut
338 839 421 894 servit
434 839 551 895 collecta
564 837 685 913 pecunia
698 838 808 912 cuique,

142 915 261 973 'Furtum
276 917 362 992 digna
375 916 459 991 sequi·
466 915 567 992 potiris,
581 914 665 991 quam
679 917 792 986 ducere,
804 914 907 973 sunem.

182 994 253 1051 Haec
267 995 317 1052 tibi
331 995 471 1051 dictabam
485 1006 546 1072 post
560 996 654 1051 sanum
668 1007 748 1070 putre
762 961 898 1066 V’acunae,

143 1072 268 1149 Excepto
280 1070 354 1148 qudd
369 1093 426 1131 non
440 1074 521 1132 simul
536 1093 620 1145 esses,
634 1084 735 1130 caetera
748 1073 838 1130 laetus.
1034 1075 1073 1132 50

454 1397 652 1482 sersaoni
670 1424 724 1484 xi.

377 1578 379 1584 '
469 1584 508 1622 AD
524 1583 703 1623 nummum.

139 1706 225 1768 Quin
239 1704 289 1762 tibi
302 1704 361 1762 visa
373 1704 470 1776 Chios,
485 1704 597 1776 Bullati,
611 1715 731 1779 notaque
745 1705 869 1765 Lesbosl

139 1785 221 1846 Quid
236 1784 376 1842 concinna
389 1785 507 1840 Samosl
527 1783 593 1858 quid
607 1783 697 1840 Croesi
711 1786 788 1855 resia
802 1786 917 1844 Sardist

142 1865 262 1937 Smyrna
274 1863 349 1938 quid,
363 1874 391 1919 et
404 1862 568 1938 Colophon?
588 1863 691 1938 majora
705 1882 846 1922 minorave
860 1865 954 1920 famul

141 1942 309 2016 Cunctaque
323 1961 379 2017 prae
392 1941 500 2017 Campo
513 1952 541 1998 et
554 1941 691 1998 Tiberino
705 1942 819 1998 flumine
834 1943 967 1999 sordentl

142 2022 189 2077 An
205 2021 279 2077 venit
293 2022 321 2076 in
335 2033 428 2078 votum
443 2020 572 2077 Attalicis
586 2039 621 2076 ex
635 2020 749 2083 urbibus
762 2022 847 2078 unal
1051 2023 1069 2078 5

143 2100 190 2155 An
204 2099 348 2156 Lebedum
361 2100 468 2169 laudas,
481 2099 546 2155 odio
559 2109 738 2172 maneatque
752 2099 917 2156 viaruml-
978 2128 982 2136 ·

142 2179 204 2235 Scis
212 2178 347 2237 Lebedus
360 2178 426 2253 quid
440 2181 489 2245 sit;
510 2177 608 2232 Gabiis
621 2178 753 2234 desertior
767 2189 849 2254 atque

142 2255 294 2313 Fidenis
271 2276 363 2313 vicus:
384 2267 477 2313 tamen
493 2255 588 2312 illic'
564 2275 654 2313 vivere
668 2239 783 2326 vellem;

140 2335 305 2411 Oblitusque
320 2355 454 2407 meorum,
468 2336 673 2393 obliviscendus
686 2347 714 2392 et
727 2336 790 2408 illis,

141 2413 304 2489 Neptunum
319 2415 413 2490 procul
428 2415 528 2471 eterra
542 2427 667 2489 spectare
681 2382 867 2470 furentem-
1036 2416 1069 2474 lo

141 2493 198 2549 Sed
213 2511 303 2566 neque
316 2494 362 2567 qui
376 2493 475 2567 Capua
489 2493 610 2549 Romam
624 2492 702 2565 petit,
717 2493 805 2547 imbre
818 2491 929 2564 lutoque

140 2572 291 2645 Aspersus,
304 2571 376 2626 volet
389 2571 418 2625 in
432 2571 558 2643 caupona
573 2571 679 2625 vivere:
700 2588 763 2640 nec,
777 2570 824 2644 qui

80 2711 83 2719 ¹
140 2649 243 2723 Frigus
256 2648 376 2722 collegit,
388 2648 482 2703 furnos
495 2659 523 2703 et
536 2648 635 2703 balnea
648 2647 751 2718 laudat,

140 2727 178 2785 Ut
193 2728 358 2784 fortunatam
373 2724 455 2800 plene
471 2726 627 2800 praestantia
640 2727 741 2782 vitam:

140 2806 213 2878 Nec,
228 2806 251 2862 si
265 2818 293 2862 te
306 2805 414 2861 validus
424 2805 568 2879 jactaverit
582 2806 684 2861 Auster
698 2806 727 2862 in
742 2805 806 2877 alto,
1033 2807 1068 2864 15

140 2885 251 2942 Idcirco
264 2903 361 2941 navem
376 2895 452 2940 trans
466 2884 595 2959 AEgaeum
608 2903 684 2941 mare
695 2884 806 2941 vendas.

140 2963 279 3021 Incolumi
291 2963 408 3020 Rhodos
422 2973 449 3018 et
463 2961 598 3036 Mitylene
612 2963 727 3037 pulchra
741 2963 816 3033 facit,
830 2963 904 3036 quod

139 3042 253 3099 Paenula
266 3042 391 3113 solstitio,
406 3054 558 3116 campestre
572 3041 708 3097 nivalibus
722 3042 805 3112 auris,

140 3120 193 3178 Per
207 3123 333 3179 brumam
347 3120 469 3191 Tiberis,
485 3120 581 3176 Sextili
593 3138 688 3175 mense
702 3120 836 3176 caminus.

140 3198 215 3256 Dum
229 3200 304 3272 licet,
318 3212 346 3257 et
359 3199 464 3256 vultum
479 3209 568 3254 servat
581 3197 705 3255 Fortuna
717 3199 879 3273 benignum,
961 3193 973 3238 ,'
1027 3200 1066 3258 20

140 3279 240 3336 Romae
254 3280 381 3336 laudetur
395 3279 503 3348 Samos,
517 3288 545 3333 et
556 3277 651 3348 Chios,
665 3287 693 3333 et
706 3277 824 3334 Rhodos
837 3279 945 3338 absens.

140 3357 198 3428 Tu,
213 3377 405 3432 quamcunque
419 3359 489 3414 deus
502 3357 551 3413 tibi
567 3357 862 3430 fortunaverithoram,

138 3437 226 3493 Grata
240 3455 319 3492 sume
333 3454 433 3504 manu3
455 3455 510 3492 neu
524 3435 618 3492 dulcia
631 3435 709 3490 differ
721 3435 749 3491 in
764 3454 878 3508 annum,

139 3514 186 3586 Ut,
200 3527 364 3589 quocunque
379 3515 439 3570 loco
453 3515 545 3585 fueris,
560 3515 659 3570 vixisse
673 3513 789 3568 libenter

139 3593 185 3650 Te
199 3594 291 3649 dicas:
313 3611 378 3647 nam
391 3593 414 3649 si
428 3593 497 3651 ratio
510 3606 539 3650 et
550 3591 698 3668 prudentia
711 3609 801 3661 curas,

139 3671 206 3730 Non
219 3671 297 3728 locus
310 3670 390 3804 effulsi
403 3669 458 3728 late
472 3672 556 3729 maris
569 3672 679 3740 arbiter,
690 3668 779 3726 aufert
786 3689 794 3738 ;
