2444 4216
153 201 210 258 112
467 198 501 255 o.
520 197 663 246 nosurn
680 197 818 256 rauces-

180 336 225 398 ‘In
237 341 334 398 silvam
347 360 403 400 non
417 340 493 416 ligna
508 341 579 398 seras
593 338 729 413 insanius,
744 341 815 398 acsi

190 419 311 494 Magnas
324 420 485 477 Graecorum
499 419 580 476 malis
593 420 708 494 implere
723 414 865 477 catervas?

228 497 373 574 Turgidus
387 498 508 572 Alpinus
519 498 629 574 jugulat
642 498 708 554 dum
723 497 877 556 Memnona
879 499 1027 575 ,dumque

189 576 318 654 Diffingit
331 576 427 633 Rheni
441 577 548 633 luteum
563 587 656 651 caput,
671 577 732 632 haec
745 596 799 652 ego
812 577 888 648 ludo,
997 576 1008 600 ⁸

188 657 263 717 Quae
276 675 330 714 nec
344 654 373 712 in
388 655 462 712 AEde
477 667 578 730 sonent
587 655 735 726 certantia,
743 655 839 730 J'udice
853 655 959 732 Turpi,
1025 695 1029 703 ,

189 734 253 790 Nec
266 735 382 792 redeant
395 733 496 790 iterum
510 745 592 809 atque
606 734 706 790 iterum
718 736 870 810 spectanda
883 736 1007 792 theatris.
1080 782 1082 787 ,

188 813 299 888 Argutis
314 813 459 869 meretrice
473 824 560 887 potes,
574 812 708 889 Davoque
720 813 873 885 Chremeta

189 891 328 948 Eludente
342 910 448 963 senem,
463 892 552 948 comis
565 893 669 967 garrire
683 891 800 964 libellos,

188 968 269 1026 Unus
282 971 417 1041 vivorum,
431 969 578 1026 Fundani:
600 970 689 1027 Pollio
702 973 799 1046 reguiu

188 1048 277 1106 Facta
291 1049 376 1120 canit,
391 1050 462 1122 pede
476 1060 517 1106 ter
531 1068 677 1125 percusso:
699 1050 769 1106 forte
784 1068 850 1125 epos
864 1068 945 1121 acer,

188 1127 227 1185 Ut
240 1148 333 1199 nemo,
348 1128 449 1184 Varius
463 1128 557 1184 ducit:
578 1127 661 1184 molle
676 1139 757 1216 atque
773 1128 925 1186 facetum.

189 1206 309 1283 Virgilio
322 1218 483 1264 annuerunt
496 1208 652 1282 gaudentes
665 1225 729 1264 rure
726 1207 895 1265 Camoenae.

188 1286 254 1342 Hoc
267 1296 326 1342 erat
328 1297 463 1361 ,experto
477 1283 579 1343 frustra
592 1287 716 1352 Varrone
731 1286 853 1346 Atacino

188 1365 282 1439 Atque
292 1333 458 1439 quibusdam
473 1365 543 1436 aliis,
558 1364 659 1422 meliirs
672 1355 746 1439 quod
753 1359 882 1424 scribere
896 1385 1016 1456 possem,
1083 1399 1086 1403 ·
1109 1377 1113 1384 ’

188 1442 337 1501 Inventore
348 1443 454 1500 minor:
476 1463 568 1518 neque
581 1463 634 1519 ego
648 1444 688 1500 illi
702 1444 848 1500 detrahere
862 1445 952 1519 ausim

191 1521 353 1579 Haerentem
368 1523 453 1597 capiti
467 1523 556 1579 multa
571 1541 636 1579 cum
650 1522 733 1578 laude
748 1540 888 1580 coronam.

227 1601 267 1658 At
280 1602 337 1658 dixi
352 1601 437 1658 fluere
453 1603 530 1658 hunc
542 1601 709 1659 lutulentum
713 1621 811 1676 ‚saepc
799 1597 962 1660 serentem

188 1678 273 1736 Plura
285 1681 399 1769 quidem
413 1680 538 1737 tollenda
550 1681 758 1755 relinquendis:
779 1699 841 1756 age,
854 1699 958 1755 quaeso,

188 1757 236 1814 Tu
249 1759 340 1816 nihil
333 1779 362 1816 m
377 1778 480 1849 magno
494 1760 593 1817 doctus
604 1758 749 1835 reprdndis
765 1755 909 1818 Homerol

185 1830 236 1895 Nil
250 1838 339 1896 comis
352 1838 451 1914 tragici
462 1849 551 1895 mutat
564 1838 692 1894 Lucilius
706 1836 818 1894 Accil-

187 1915 253 1974 Non
268 1918 339 1974 ridet
352 1936 448 1974 versus
461 1916 538 1974 Enni
552 1917 686 1992 gravitate
671 1917 832 1988 eminoreS,

186 1995 286 2056 Quum
300 1997 335 2052 de
349 2017 380 2053 se
390 1997 520 2071 loquitur,
535 2016 591 2053 non
605 2007 637 2053 ut
650 1995 754 2085 maJore
767 1963 928 2070 repiensisl

186 2073 266 2133 Quid
280 2085 354 2132 vetat
367 2086 396 2131 et
409 2086 528 2147 nosmet,
543 2075 636 2132 Lucili
651 2075 753 2150 scripta
766 2075 902 2170 legentes,

181 2151 322 2211 ‘Quaerere
336 2171 404 2209 num
418 2154 502 2224 illius,
516 2173 585 2210 num
600 2174 703 2225 rerum,
716 2151 786 2210 dura
799 2153 952 2228 negarit
963 2153 964 2157 ’

186 2229 348 2287 Versiculos
362 2244 461 2286 natura
474 2229 565 2305 magis
580 2227 678 2302 factos,¹
691 2242 719 2288 et
733 2242 832 2287 euntes

187 2306 311 2380 Molliirs,
325 2328 358 2366 ac
372 2310 396 2365 si
410 2310 471 2383 quis
472 2310 603 2383 ,pedibus
616 2278 682 2382 quid
697 2309 828 2365 claudere
842 2307 927 2379 senis,

187 2385 252 2445 Hoc
265 2386 374 2445 tantum
399 2398 557 2458 contentus,
573 2398 646 2443 amet
660 2387 804 2461 scripsisse
818 2387 956 2444 ducentos

185 2466 264 2524 Ante
278 2467 372 2523 cibum
386 2486 492 2540 versus,
506 2466 621 2524 totidem
636 2476 764 2521 coenatus
772 2485 780 2534 ;
801 2465 936 2522 Hetrusci

185 2544 281 2605 Quale
295 2546 347 2602 lirit
360 2544 441 2603 Cassi
456 2546 552 2621 rapido
566 2545 717 2602 ferventius
731 2544 806 2600 amni

186 2622 345 2700 Ingenium,
360 2625 451 2700 capsis
464 2644 546 2714 quem
561 2624 635 2681 fama
647 2634 690 2680 est
703 2643 764 2679 esse
778 2623 911 2712 librisque

187 2703 356 2760 Ambustum
370 2703 506 2778 propriisl
495 2702 637 2760 lFuerit
651 2701 812 2759 Lucilius
783 2719 931 2776 ,mquam,

187 2782 284 2841 Comis
298 2793 326 2838 et
340 2782 482 2850 urbanus;
505 2780 587 2837 suerit
600 2781 720 2837 limatior
734 2748 819 2869 idein,

186 2860 285 2922 Quam
299 2861 376 2918 rudis
389 2871 418 2917 et
431 2858 559 2917 Graecis
552 2860 650 2916 intacti
664 2851 797 2914 carminis
811 2871 919 2930 auctor,
1000 2864 1003 2870 ’

186 2938 338 3014 Quamque
353 2943 499 3017 poctarum
514 2939 654 2995 seniorum
669 2937 771 2994 turba:
781 2938 829 2993 sed
845 2937 905 3008 ille,

188 3017 219 3072 Si
233 3018 303 3074 foret
317 3020 371 3076 hoc
385 3031 512 3077 nostrum
526 3017 583 3074 fato
596 3016 718 3074 dilatus
711 3035 741 3072 m
756 3035 854 3088 aevum,

187 3093 333 3152 Detereret
347 3097 400 3154 sibi
414 3098 517 3165 multa;
539 3096 676 3154 recideret
690 3114 773 3152 omne
786 3063 860 3170 quod
874 3095 945 3152 ultra

186 3171 345 3230 Perfectum
359 3141 530 3242 traheretui3
552 3176 622 3232 etin
637 3193 718 3232 versu
733 3174 862 3231 faciendo

187 3248 269 3325 Saepe
285 3263 370 3325 caput
383 3253 519 3321 scaberet,
534 3252 609 3309 vivos
620 3265 648 3310 et
661 3254 771 3310 roderet
785 3271 902 3326 ungues.

227 3326 310 3404 Saepe
325 3330 427 3403 stylum
441 3339 540 3398 vertas,
555 3330 666 3401 iterum,
681 3351 742 3405 quae
756 3331 841 3405 digna
856 3331 913 3405 legi
927 3330 992 3400 sint,

188 3410 357 3484 Scripturus,
372 3426 473 3482 neque,
487 3418 515 3463 te
529 3418 560 3463 ut
573 3409 687 3466 miretur
702 3410 793 3480 turba,
807 3407 926 3480 laboreS,

187 3489 345 3546 Contentus
357 3488 455 3562 paucis
468 3486 626 3543 lectoribus
662 3486 709 3543 An
724 3500 772 3548 tua
786 3488 902 3544 demens

187 3566 299 3626 Vilibus
309 3567 338 3624 in
353 3565 428 3623 ludis
442 3566 542 3623 dictari
556 3564 681 3622 carmina
695 3567 791 3624 malisl
1085 3567 1125 3622 75

187 3646 253 3710 Non
264 3665 333 3722 ego:
354 3655 424 3702 nam'
434 3642 501 3703 satis
515 3655 558 3702 est
567 3639 697 3718 Equitem
709 3645 777 3701 mihi
789 3643 930 3720 plaudere,
943 3655 974 3701 ut
983 3643 1086 3715 audax,

187 3725 363 3802 Contemptis
377 3724 448 3798 aliis,
462 3723 575 3802 explosa
588 3723 748 3782 Arbuscula
761 3723 839 3784 dixit.
