2444 4216
728 368 731 376 ¹
761 320 766 363 i

311 500 358 592 Q.
395 497 674 597 nonnum
717 446 958 605 sancei

423 762 847 831 EPISTOLARUM

501 997 604 1047 LIBER
627 996 769 1047 PRIMUS.

510 1451 711 1511 EPISTOLA
731 1451 754 1510 I.

501 1591 541 1628 An
555 1590 758 1630 MAEGENATEM.

188 1690 287 1750 Parus
300 1691 375 1767 dicte
388 1691 467 1764 mihi,
481 1692 590 1748 summa
604 1692 724 1748 dicende
739 1690 885 1765 Camoenia,

189 1773 350 1848 Spectatum
364 1768 440 1844 satis,
454 1782 482 1827 et
495 1771 627 1827 donatum
639 1770 697 1845 jam
711 1770 790 1841 rude,
804 1771 912 1844 quaeris,

189 1850 340 1923 Maecenas,
355 1852 455 1909 iterum
469 1849 582 1924 antiquo
595 1867 640 1906 me
655 1848 798 1906 includere
811 1849 886 1906 ludo.

188 1928 217 1985 N
219 1950 255 1986 on
269 1931 366 1986 eadem
378 1941 420 1987 est
434 1941 509 2000 etas,
524 1948 581 1986 non
595 1947 683 1985 mens.
723 1927 867 2003 Vejanius‚
882 1928 965 1986 armis

188 2008 320 2065 Herculis
334 2011 369 2065 ed
383 2020 489 2084 postem
503 2008 574 2080 fixis,
588 2008 656 2065 latet
669 2006 780 2064 abditus
793 2025 859 2082 agro
1098 2009 1118 2064 5

187 2085 233 2142 Ne
246 2086 378 2163 populum
391 2087 518 2144 extremi
532 2087 613 2145 toties
627 2098 721 2144 exoret
735 2087 828 2143 arena.

181 2165 239 2235 ,Est
252 2166 319 2224 mihi
332 2176 477 2242 purgatam
491 2164 652 2240 erebrb'qui
666 2176 797 2241 personet
811 2184 923 2222 aurem:

176 2237 205 2274 '“
215 2245 297 2302 Solve
311 2254 503 2303 senescentem
517 2242 626 2300 mature
641 2263 725 2300 sanus
738 2263 851 2318 equum,
865 2263 902 2300 ne

186 2323 291 2381 Peeeet
304 2325 340 2381 ad
353 2335 509 2382 extremum
524 2323 666 2394 ridendus,
681 2334 709 2380 et
722 2322 769 2379 ilia
782 2323 894 2386 duaat.'’

186 2402 273 2460 Nune
287 2397 379 2478 itaque
392 2416 421 2461 et
434 2421 529 2460 versus
543 2414 571 2459 et
584 2413 684 2459 eaetera
698 2401 807 2458 ludicra
820 2419 910 2477 pono:
1080 2402 1117 2460 10

184 2483 265 2544 Quid
285 2502 381 2555 rerum
403 2494 485 2557 atque
505 2483 610 2538 decens
630 2499 698 2539 euro
718 2491 747 2538 et
766 2499 843 2557 rogo,
856 2492 884 2538 et
901 2482 993 2541 omnis
1013 2481 1043 2538 in
1063 2481 1117 2540 hoe

263 2580 341 2618 sum:

184 2641 284 2698 Gondo
297 2653 325 2707 et
338 2659 475 2716 compono
482 2659 545 2714 quar
559 2659 623 2698 mox
637 2641 799 2716 depromere
812 2639 922 2715 possim.

185 2721 239 2790 Aa,
254 2739 289 2776 ne
304 2717 373 2777 forte
388 2737 535 2795 rogesque
549 2738 593 2775 me
608 2720 689 2790 duee,
703 2737 757 2793 quo
770 2719 828 2775 lare
842 2730 931 2775 tuter:

183 2797 296 2855 Nullius
311 2798 439 2855 addictus
450 2798 543 2873 jurare
557 2798 585 2853 in
597 2798 680 2853 verba
694 2797 828 2873 magistri,

182 2875 252 2937 Qub
267 2898 310 2934 me
324 2897 435 2953 cunque
449 2877 520 2953 rapit
532 2887 692 2953 tempestas,
706 2876 814 2933 deferor
828 2877 935 2953 hospes.
1079 2875 1115 2933 15

184 2953 272 3012 Nunc
287 2958 366 3032 agilis
381 2958 426 3029 fio,
440 2968 468 3014 et
482 2975 586 3014 mereor
600 2955 728 3012 civilibus
741 2956 834 3028 undis,

184 3031 302 3089 Virtutis
316 3054 386 3092 verae
401 3048 504 3106 custos,
518 3035 678 3112 rigidusque
693 3035 818 3092 satelles:
937 3047 950 3077 ⁸

184 3110 213 3167 N
216 3129 270 3167 uno
284 3113 313 3168 in
328 3114 463 3188 Aristippi
478 3114 570 3170 furtim
586 3127 725 3190 praecepta
739 3114 856 3186 relabor,

183 3189 221 3247 Et
234 3190 301 3246 mihi
316 3210 369 3262 ras,
383 3210 439 3248 non
454 3209 498 3246 me
512 3192 595 3247 rebus
608 3194 771 3251 submittere
785 3212 878 3250 eonor.

184 3269 222 3327 Ut
235 3289 289 3326 nox
302 3268 387 3345 longa
399 3269 499 3344 quibus
513 3271 602 3325 somni
615 3291 679 3346 pars
692 3271 777 3341 nulla,
792 3272 906 3345 diesque
1077 3272 1115 3330 20

184 3348 282 3424 Longa
295 3348 402 3405 videtur
415 3365 485 3423 opus
499 3347 666 3406 debentibus
677 3371 684 3419 ;
706 3362 737 3406 ut
749 3350 827 3424 piger
841 3354 932 3408 annus

184 3427 299 3504 Pupillis
312 3446 381 3503 quos
394 3428 464 3484 dura
476 3426 577 3503 premit
590 3429 716 3485 custodia
730 3439 865 3486 matrum:

186 3509 234 3564 Sic
249 3509 316 3564 mihi
330 3507 408 3564 tarda
422 3505 512 3564 fluunt
525 3507 686 3582 ingrataque
700 3521 834 3582 tempora,
848 3528 908 3583 quae
923 3528 1000 3585 spem

185 3587 396 3662 Consiliumque
410 3597 552 3643 morantur
566 3585 667 3662 agendi
681 3586 806 3662 gnaviter
820 3588 848 3644 id
859 3589 932 3662 quod

106 3703 109 3708 -
184 3663 278 3740 AE'que
293 3665 462 3742 pauperibus
473 3667 596 3741 prodest,
609 3665 793 3742 locupletibus
807 3665 896 3743 eque,
1075 3668 1115 3725 25
