2444 4216
428 227 458 285 Q.
476 226 620 275 HORATII
637 225 760 276 aunem

185 368 250 429 Nec
262 380 320 429 nm
334 368 453 427 Larissae
466 371 604 446 percussit
617 389 733 447 campus
746 370 858 449 opima,

301 447 400 510 Quem
414 450 514 507 domus
527 449 666 507 Albuneae
681 450 848 522 resonantis,

184 527 223 588 Et
234 547 359 606 praeceps
373 529 459 601 Anio,
474 548 507 586 ac
522 527 644 586 Tiburni
657 529 748 602 lucus,
762 540 791 587 et
803 529 861 587 uda

302 605 455 667 Mobilibus
468 608 592 684 pomaria
604 608 678 666 rivis

185 686 276 745 Albus
290 697 321 744 ut
334 687 454 745 obscuro
468 688 594 763 deterget
607 687 704 745 nubila
717 686 789 745 coelo
870 683 873 689 ’
1049 689 1089 747 15
1131 751 1133 755 ,

302 763 396 856 Saepe·
399 758 492 824 Notus
495 785 607 842 ,neque
621 766 737 842 parturit
752 766 904 837 imbres

184 843 353 921 Perpetu0s3
374 845 416 902 sic
429 856 459 902 tu
473 847 585 935 sapiens
599 846 679 902 finire
693 856 835 902 memento
934 884 965 909 ,-
1015 862 1020 871 “

301 923 458 981 Tristitiam
472 925 588 999 vitaeque
601 924 711 982 labores

184 999 275 1074 Molli,
289 1002 404 1075 Plance,
419 1023 512 1072 mero;
534 1023 584 1060 seu
598 1015 626 1061 te
640 1003 776 1079 fulgentia
789 1003 877 1079 siguis

301 1081 400 1139 Castra
414 1093 520 1154 tenent,
535 1101 585 1140 seu
599 1084 687 1140 densa
701 1081 807 1139 tenebit
1046 1084 1089 1142 20

184 1159 301 1219 Tiburis
314 1161 413 1218 umbra
427 1162 476 1218 tui.
518 1161 632 1218 Teucer
647 1161 790 1218 Salamina
803 1171 964 1237 patremque

299 1239 399 1301 Quum
413 1240 530 1316 fugeret,
544 1251 639 1298 tamen
653 1236 710 1297 uda
723 1240 809 1316 Lyaeo

183 1319 326 1396 Tempora
338 1319 458 1395 populea
473 1319 596 1377 fertur
572 1320 694 1377 vinxisse
707 1319 822 1393 corona,

301 1398 350 1454 Sic
364 1398 456 1455 tristes
471 1399 570 1455 affatus
584 1399 705 1454 amicos:

183 1474 282 1538 “Qua
294 1496 347 1535 nos
362 1496 473 1551 cunque
487 1476 557 1535 seret
570 1476 667 1533 melior
683 1477 793 1535 fortuna
805 1488 933 1566 parente,
1045 1479 1086 1538 25

300 1555 418 1628 Ibimus,
431 1575 450 1613 ο
463 1557 532 1614 socii
525 1556 733 1630 comitesque!

182 1634 232 1694 Nil
245 1603 452 1712 desperandim
467 1635 582 1694 Teucro
595 1636 678 1707 duce,
693 1645 721 1692 et
736 1635 849 1711 auspice
863 1633 994 1706 Teuc10;

299 1715 368 1772 Cert
357 1727 401 1772 tus
414 1716 490 1772 euim
504 1714 630 1791 promisit
644 1714 746 1791 Apollo
848 1774 851 1779 ,

183 1795 354 1872 Ambiguam
368 1795 467 1852 tellure
481 1814 552 1852 nova
568 1794 712 1851 Salamina
725 1793 855 1852 suturam.
911 1848 916 1855 .

298 1873 326 1931 Ο
341 1868 425 1932 sortes
437 1874 587 1950 pejoraque
600 1869 675 1962 passi
1044 1875 1086 1932 30

183 1951 299 2012 Mecum
313 1951 392 2044 sape.
404 1953 470 2010 viri!
493 1972 571 2011 nunc
584 1953 649 2010 vino
662 1951 757 2029 pellite
771 1971 869 2011 curas:

300 2033 392 2090 Cras
385 2052 486 2110 ingens
499 2032 662 2090 iterabimus
677 2032 797 2108 aequorl'

506 2349 591 2421 ODE
604 2349 672 2407 v11.

498 2486 538 2526 An
558 2486 682 2526 LYDIAM.

414 2586 522 2660 Lunai,
536 2587 593 2660 dic,
606 2606 656 2663 per
669 2605 769 2645 omnes

219 2665 265 2724 Te
278 2666 346 2724 deos
358 2686 426 2725 oro:
448 2668 566 2740 Sybarin
582 2687 633 2724 cur
646 2686 778 2742 properas
792 2665 913 2724 amando

413 2744 555 2801 Perderel
576 2764 626 2800 cur
641 2747 767 2821 apricum

218 2824 320 2883 Oderit
332 2842 474 2900 campum,
487 2823 597 2898 patiens
610 2823 731 2898 pulveris
745 2834 827 2897 atque
841 2823 925 2881 sclisl

414 2903 474 2960 Cur
487 2921 579 2977 neque
593 2901 720 2959 militaris
1060 2905 1083 2962 5

219 2981 297 3041 luter
311 2981 431 3058 aquales
444 2982 558 3057 equitat,
570 2981 683 3039 Gallica
696 2999 750 3038 nec
763 2981 878 3058 lupatis·

412 3061 567 3137 Temperat
580 3081 629 3119 ora
643 3061 756 3118 frenis-l

218 3138 278 3198 Cur
290 3140 370 3198 timet
383 3139 484 3198 flavum
499 3140 628 3198 Tiberim
642 3140 778 3218 tangere?
799 3158 850 3201 cur
862 3137 967 3197 olivum

404 3219 598 3296 Sanguine
574 3221 699 3296 viperino
898 3257 901 3261 ·

219 3296 339 3357 Cautius
352 3300 438 3358 vitati
459 3318 551 3374 neque
562 3299 630 3395 jam
634 3299 719 3357 livida
732 3307 824 3376 gestat
836 3296 921 3355 armis
1043 3299 1083 3357 10

413 3378 534 3436 Brachia
536 3375 633 3455 ,ιιιρὲ
647 3379 737 3453 disco,

218 3454 301 3534 Saepe
315 3469 393 3516 trans
405 3458 492 3516 finem
502 3458 598 3534 jaculo
611 3459 713 3517 nobilis
704 3424 878 3548 'expedital

411 3537 493 3599 Quid
507 3538 583 3610 latet,
597 3536 628 3595 ut
641 3537 757 3597 marinae
854 3595 857 3601 ,

217 3614 322 3674 Filium
336 3616 434 3674 dicunt
448 3584 583 3676 Thetidis’
593 3619 646 3675 sub
659 3617 815 3696 lacrymosa
828 3610 953 3690 Trojae

411 3695 535 3770 Funera,
549 3716 586 3754 ne
601 3697 687 3755 virilis
1042 3695 1081 3752 15

218 3772 340 3833 Cultus
332 3794 363 3835 m
376 3775 484 3841 cadam
496 3787 527 3837 et
535 3775 649 3853 Lycias
654 3775 808 3856 proriperet
821 3770 967 3839 &alermi
1029 3844 1032 3851 ,
