2444 4216
396 185 596 238 CARMINUM
612 188 678 237 LIB.
695 189 731 238 ΙΙ.

480 409 564 469 ODE
583 411 641 471 Ill.

461 547 502 586 An
516 549 658 595 DELLIUH,

229 648 352 711 AEuusss
365 658 508 705 memento
522 649 605 705 rebus
618 650 647 705 in
662 651 755 707 arduis

228 730 345 788 Servare
359 737 494 798 mentem,
508 746 565 784 non
579 725 662 785 seniis
676 730 705 785 in
719 729 799 794 bonis

266 808 313 865 Ab
327 806 458 863 insolenti
472 818 655 882 temperatam

304 885 426 958 Laetitiri,
440 886 573 944 moriture
586 876 672 958 Delli,

227 967 286 1025 seu
300 976 416 1023 moestus
428 966 643 1041 omnitempore
658 965 768 1036 vixeris,

227 1046 285 1103 Seu
298 1055 326 1102 te
340 1046 369 1102 in
383 1056 489 1102 remoto
501 1046 629 1121 gramine
642 1065 691 1121 per
705 1045 766 1102 dies

265 1123 365 1182 Festus
377 1124 544 1182 reclinatum
559 1125 652 1181 bebris

304 1201 442 1261 Interiora
456 1204 524 1259 notia
538 1203 662 1272 Falerni,

225 1282 296 1345 Qua
308 1283 392 1357 pinus
408 1282 509 1355 ingens
523 1281 639 1353 albaque
653 1279 772 1354 populns

224 1361 361 1420 Umbram
375 1360 540 1435 hospitalem
553 1360 716 1417 currsoeiare
730 1370 825 1417 amant

266 1438 376 1509 Remis,
390 1440 445 1513 qui
459 1450 487 1496 et
501 1436 612 1514 obliquo
625 1438 732 1495 laborat

314 1517 442 1594 Lympha
456 1518 541 1594 fugax
554 1518 693 1593 trepidare
707 1517 774 1576 rivo.

197 1580 217 1648 s
226 1597 382 1669 Rucuma,
396 1600 425 1654 et
439 1610 594 1672 unguenta,
608 1609 637 1655 et
650 1594 769 1655 nimium
784 1596 873 1655 brevis

226 1677 324 1736 Flores
338 1695 464 1734 amuenos
478 1677 549 1733 ferre
560 1678 629 1753 jube
643 1695 722 1748 rosae,

266 1756 342 1812 Dum
357 1774 410 1826 res,
424 1768 453 1813 et
467 1767 543 1827 aetas,
557 1767 585 1813 et
599 1757 733 1813 Sororum

304 1833 367 1892 Fila
380 1835 464 1892 trium
479 1837 622 1910 patiuntur
636 1847 703 1893 atra.

224 1914 318 1972 Cedes
331 1915 469 1989 uubmptis
483 1915 609 1984 saltibus,
623 1927 652 1970 et
665 1915 757 1985 domu,

224 1994 354 2068 Villaque
368 1992 454 2050 flavus
468 2013 552 2068 quam
566 1993 681 2049 Tiberis
694 1993 777 2050 lavit:

263 2072 374 2141 Cedes;
396 2084 424 2129 et
437 2073 586 2129 exstructis
600 2073 629 2129 iu
643 2073 730 2129 altum
802 2112 808 2131 .

302 2151 415 2209 Divitiis
428 2152 548 2226 potietur
563 2152 659 2208 haeres.

223 2230 357 2303 Divesne,
371 2230 464 2306 priseo
478 2242 561 2288 natus
575 2231 610 2288 ab
624 2230 742 2303 Inacho,

224 2309 273 2368 Nil
288 2310 413 2381 interest,
427 2330 463 2366 an
478 2330 593 2387 pauper,
607 2322 636 2367 et
649 2309 747 2367 infimi

157 2414 161 2423 ¹
261 2388 307 2447 De
320 2402 414 2465 gente,
429 2389 482 2446 sub
496 2391 559 2448 divo
573 2390 699 2459 moreris,

303 2469 427 2525 Victima
440 2469 480 2526 nil
494 2469 654 2526 miserantis
667 2467 746 2523 Orci.

223 2545 333 2603 Omnes
346 2543 450 2603 ebdem
463 2549 607 2621 ungimur:
628 2545 756 2600 omnium

223 2625 360 2682 Versatur
373 2642 460 2693 uma3
482 2622 571 2680 serius
584 2621 665 2680 oeiiis

263 2704 331 2761 Soza
344 2701 462 2775 exitura,
477 2714 505 2760 et
518 2722 570 2760 nos
584 2703 613 2760 in
628 2713 764 2760 aternum

272 2841 276 2846 ,
301 2781 440 2840 Exsilium
453 2782 617 2860 impositura
629 2783 746 2858 eymboe.

481 3094 565 3151 ODE
584 3095 635 3152 lv.

445 3232 483 3271 An
497 3231 671 3273 summunt.

221 3341 359 3408 Surarur,
373 3334 469 3394 Gades
482 3332 590 3390 aditure
603 3353 726 3406 meeum,
740 3346 769 3393 et

221 3417 396 3476 Cantabrum
411 3414 555 3471 indoctum
568 3413 636 3490 juga
651 3414 722 3471 ferre
736 3426 840 3488 nostra,
854 3425 883 3473 et

221 3497 358 3554 Barbarus
372 3495 477 3569 Syrtes,
491 3492 540 3549 ubi
554 3491 657 3550 Maura
670 3512 779 3569 semper

379 3573 491 3630 AEstuat
505 3573 598 3629 unda:

222 3654 325 3726 Tibur,
340 3654 436 3729 Argeo
449 3652 570 3728 positum
584 3651 693 3724 eolono,

224 3734 269 3793 Sit
281 3751 352 3790 meae
367 3733 448 3791 sedes
462 3732 571 3789 utinam
584 3731 721 3788 seneetael
