2468 4208
404 200 613 259 'sarratam
630 209 695 259 Lib.
712 210 749 263 11.
762 216 786 265 4.
1015 217 1074 277 12⁹

239 460 241 472 ·
327 467 332 474 -
473 429 629 490 SATIRA
649 385 700 491 li.

509 598 658 634 tionum.

144 662 241 736 Urina,
255 675 284 722 et
295 660 351 740 qub
364 663 483 723 catiust

489 861 491 866 A
537 815 638 848 carros.

606 901 673 961 Non
686 913 730 961 eat
742 903 811 961 mibi
825 914 935 982 tempus
947 905 1040 966 arenb'

143 979 251 1038 Ponere
265 981 347 1057 signa
359 980 438 1038 noris
451 982 608 1057 preceptis,
621 983 714 1057 qualia
727 983 842 1041 vincant

144 1059 339 1136 Pythagoram,
352 1058 496 1135 Anytique
508 1080 598 1133 reum,
612 1061 780 1137 doctumque
793 1062 917 1122 Platona

516 1210 659 1243 floremus.

15 1285 17 1289 ¹
59 1305 62 1310 ’
143 1296 295 1355 Peccatum
309 1297 405 1367 fateor,
417 1315 503 1370 quum
517 1307 545 1353 te
559 1295 600 1352 sic
613 1307 737 1373 tempore
749 1298 820 1356 iero

144 1373 364 1451 Interpellarim:
385 1375 444 1446 sed,
458 1376 508 1431 des
521 1375 631 1432 reniam
646 1376 744 1448 bonus
757 1396 814 1435 oro.
941 1352 945 1361 Β
1052 1382 1073 1438 5

142 1452 231 1515 Quod
245 1455 268 1510 si
282 1453 454 1510 interciderit
466 1454 516 1510 tibi
530 1472 606 1510 nunc
620 1455 734 1528 aliquid,
747 1467 856 1532 repetes
869 1454 935 1517 mox¹
943 1478 950 1529 ;

143 1533 209 1591 Sive
222 1543 264 1591 est
276 1542 382 1590 naturae
395 1533 459 1604 hoc,
473 1533 531 1590 sire
544 1533 620 1605 artis,
634 1534 721 1591 mirus
734 1545 859 1613 utroque.

536 1683 637 1719 CATIVS-

142 1770 223 1832 Quin
237 1771 265 1828 id
278 1782 338 1829 erat
350 1788 434 1842 cure,
448 1789 503 1845 quo
515 1783 597 1846 pacto
611 1782 714 1836 cuncta
726 1782 867 1844 tenerem

143 1849 244 1926 Utpote
257 1869 301 1908 res
314 1861 423 1923 tennes,
436 1850 514 1908 tenui
528 1869 655 1908 sermone
668 1863 803 1927 peractas.

515 2002 658 2042 nonarrps.

144 2085 206 2144 Ede
218 2085 338 2146 hominis
350 2064 472 2145 acmeni
492 2085 617 2144 simulet
631 2085 779 2145 Romanoa
792 2106 828 2148 an
842 2088 950 2167 hospes.
1037 2091 1073 2150 10

538 2237 639 2270 CANUS.

144 2324 209 2402 Ipsa
222 2345 326 2385 memor
338 2336 478 2401 praeocpto
490 2343 608 2394 canam3
630 2325 765 2384 celabitur
779 2336 885 2386 auctor.

144 2404 242 2480 Longa
255 2406 355 2480 quibus
369 2405 453 2461 sacies
466 2404 525 2461 ovis
537 2405 600 2476 erit,
614 2404 660 2461 illa
671 2417 821 2476 memento,

143 2483 181 2545 Ut
194 2485 272 2539 succi
286 2483 407 2540 melioria
420 2493 449 2539 et
461 2493 492 2539 ut
506 2480 595 2558 magis
609 2483 682 2539 alma
696 2484 832 2555 rotundis,

143 2562 267 2620 Ponere:
288 2574 407 2634 namque
421 2579 526 2617 marem
540 2561 672 2616 cohibent
685 2562 790 2617 callosa
803 2561 933 2620 vitellum.

143 2641 233 2697 Caule
247 2639 415 2708 suburbano,
429 2639 475 2712 qui
489 2639 572 2694 siccis
585 2639 672 2696 crevit
686 2640 715 2696 in
730 2640 813 2715 agris,
1037 2643 1073 2700 15

143 2719 277 2787 Dulcior;
299 2717 402 2792 irriguo
415 2717 483 2773 nihil
497 2729 540 2773 est
553 2717 654 2774 elutius
668 2719 754 2775 horto.

144 2800 175 2856 Si
190 2798 361 2873 vespertinus
374 2794 467 2853 subito
481 2807 508 2853 te
521 2797 686 2872 oppresserit
700 2798 810 2874 hospes,

143 2878 189 2936 Ne
203 2877 306 2954 gallina
320 2873 422 2932 maliem
437 2888 579 2952 responset
592 2877 662 2932 dura
673 2877 774 2950 palato,

144 2956 252 3015 Doctus
265 2956 320 3012 eris
334 2955 423 3011 viram
438 2955 524 3012 mixto
536 2963 657 3012 mersare
672 2955 808 3013 Falerno:

146 3035 209 3094 Hoc
223 3047 347 3092 teneram
362 3034 452 3090 saciet.
493 3033 674 3090 Pratensibus
686 3035 792 3108 optima
805 3034 912 3111 bingis
1033 3035 1074 3094 2⁰

144 3115 253 3172 Natura
265 3125 323 3182 est;
344 3112 405 3169 aliis
418 3110 491 3169 male
506 3113 637 3169 creditur.
679 3111 731 3169 lite
744 3113 869 3172 colubres

146 3193 267 3252 AEstates
279 3194 404 3268 peraget,
418 3192 465 3266 qui
476 3192 563 3266 nigris
576 3190 694 3266 prandia
708 3193 792 3249 moris

144 3272 246 3343 Finiet‚
261 3283 324 3328 ante
338 3289 525 3347 gravemque
539 3270 637 3345 legerit
648 3271 747 3327 arbore
760 3271 855 3331 solem

145 3351 274 3408 Aufidius
289 3351 350 3407 sorti
365 3350 501 3407 miscebat
515 3349 598 3406 mella
611 3349 761 3420 Falernop

144 3426 292 3498 Mandoni,
306 3429 436 3502 quoniam
451 3430 546 3486 vacuis
559 3429 733 3486 committere
747 3429 825 3487 venis
1034 3427 1073 3486 25

144 3509 192 3567 Nil
207 3509 260 3565 nisi
275 3506 337 3563 lene
352 3507 451 3564 decet:
472 3509 528 3565 leni
542 3509 694 3584 precordia
707 3507 797 3564 mulso

144 3585 282 3646 Prolueris
296 3583 403 3642 melite.
444 3586 475 3643 Si
489 3587 722 3645 duramorabitur
736 3585 823 3658 alvus,

144 3665 261 3742 Mytilus
274 3675 302 3721 et
315 3664 383 3719 viles
396 3665 504 3738 pellent
511 3666 651 3723 obstantia
664 3657 790 3736 conchas,
947 3710 949 3718 Α

144 3745 182 3803 Et
195 3742 298 3821 lapathi
312 3742 403 3800 brevis
416 3743 511 3817 herba,
524 3744 574 3802 rad
588 3745 652 3802 albo
666 3762 723 3802 non
737 3743 798 3802 tine
812 3742 880 3802 Coo.
