<?xml version="1.0" encoding="UTF-8"?>
<!DOCTYPE html PUBLIC "-//W3C//DTD XHTML 1.0 Transitional//EN"
    "http://www.w3.org/TR/xhtml1/DTD/xhtml1-transitional.dtd">
<html xmlns="http://www.w3.org/1999/xhtml" xml:lang="en" lang="en">
 <head>
  <title>
</title>
<meta http-equiv="Content-Type" content="text/html;charset=utf-8" />
  <meta name='ocr-system' content='tesseract 3.04.00' />
  <meta name='ocr-capabilities' content='ocr_page ocr_carea ocr_par ocr_line ocrx_word'/>
</head>
<body>
  <div class='ocr_page' id='page_1' title='image "./quintihoratiifl00goulgoog_0023.png"; bbox 0 0 2444 4216; ppageno 0'>
   <div class='ocr_carea' id='block_1_1' title="bbox 422 211 757 271">
    <p class='ocr_par' dir='ltr' id='par_1_1' title="bbox 422 211 757 271">
     <span class='ocr_line' id='line_1_1' title="bbox 422 211 757 271; baseline 0.018 -10"><span class='ocrx_word' id='word_1_1' title='bbox 422 212 453 271; x_wconf 77' lang='lat' dir='ltr'>Q.</span> <span class='ocrx_word' id='word_1_2' title='bbox 470 211 616 262; x_wconf 73' lang='lat' dir='ltr'>nouum</span> <span class='ocrx_word' id='word_1_3' title='bbox 632 214 757 266; x_wconf 73' lang='lat' dir='ltr'>mem</span> 
     </span>
    </p>
   </div>
   <div class='ocr_carea' id='block_1_2' title="bbox 250 356 945 1311">
    <p class='ocr_par' dir='ltr' id='par_1_2' title="bbox 250 356 945 1311">
     <span class='ocr_line' id='line_1_2' title="bbox 251 356 756 435; baseline 0 -18"><span class='ocrx_word' id='word_1_4' title='bbox 251 357 307 417; x_wconf 75' lang='lat' dir='ltr'>Irae</span> <span class='ocrx_word' id='word_1_5' title='bbox 320 356 468 433; x_wconf 78' lang='lat' dir='ltr'>Thyesten</span> <span class='ocrx_word' id='word_1_6' title='bbox 482 356 569 416; x_wconf 81' lang='lat' dir='ltr'>exitio</span> <span class='ocrx_word' id='word_1_7' title='bbox 582 356 660 435; x_wconf 77' lang='lat' dir='ltr'>gravi</span> <span class='ocrx_word' id='word_1_8' title='bbox 755 378 756 384; x_wconf 51' lang='lat'>¹</span> 
     </span>
     <span class='ocr_line' id='line_1_3' title="bbox 253 435 775 506; baseline 0.002 -10"><span class='ocrx_word' id='word_1_9' title='bbox 253 435 400 506; x_wconf 72' lang='lat' dir='ltr'>Strasir03</span> <span class='ocrx_word' id='word_1_10' title='bbox 421 449 450 494; x_wconf 93' lang='lat' dir='ltr'>et</span> <span class='ocrx_word' id='word_1_11' title='bbox 462 436 526 495; x_wconf 90' lang='lat' dir='ltr'>altis</span> <span class='ocrx_word' id='word_1_12' title='bbox 540 437 656 498; x_wconf 84' lang='lat' dir='ltr'>urbibus</span> <span class='ocrx_word' id='word_1_13' title='bbox 670 438 775 497; x_wconf 79' lang='lat' dir='ltr'>alume</span> 
     </span>
     <span class='ocr_line' id='line_1_4' title="bbox 330 514 751 595; baseline 0.01 -21"><span class='ocrx_word' id='word_1_14' title='bbox 330 514 441 574; x_wconf 66' lang='lat' dir='ltr'>Stetere</span> <span class='ocrx_word' id='word_1_15' title='bbox 455 535 548 574; x_wconf 79' lang='lat' dir='ltr'>cause</span> <span class='ocrx_word' id='word_1_16' title='bbox 562 536 613 577; x_wconf 86' lang='lat' dir='ltr'>cur</span> <span class='ocrx_word' id='word_1_17' title='bbox 626 519 751 595; x_wconf 87' lang='lat' dir='ltr'>perirent</span> 
     </span>
     <span class='ocr_line' id='line_1_5' title="bbox 408 595 902 674; baseline 0.016 -22"><span class='ocrx_word' id='word_1_18' title='bbox 408 595 559 669; x_wconf 82' lang='lat' dir='ltr'>Funditus,</span> <span class='ocrx_word' id='word_1_19' title='bbox 573 598 800 674; x_wconf 86' lang='lat' dir='ltr'>imprimeretque</span> <span class='ocrx_word' id='word_1_20' title='bbox 814 598 902 661; x_wconf 87' lang='lat' dir='ltr'>muris</span> 
     </span>
     <span class='ocr_line' id='line_1_6' title="bbox 251 673 945 736; baseline 0.007 -4"><span class='ocrx_word' id='word_1_21' title='bbox 251 673 362 733; x_wconf 79' lang='lat' dir='ltr'>Hostile</span> <span class='ocrx_word' id='word_1_22' title='bbox 375 685 497 732; x_wconf 78' lang='lat' dir='ltr'>aratrum</span> <span class='ocrx_word' id='word_1_23' title='bbox 511 678 651 735; x_wconf 85' lang='lat' dir='ltr'>exercitus</span> <span class='ocrx_word' id='word_1_24' title='bbox 665 678 796 736; x_wconf 89' lang='lat' dir='ltr'>insolens.</span> <span class='ocrx_word' id='word_1_25' title='bbox 940 685 945 700; x_wconf 79' lang='lat'>⁸</span> 
     </span>
     <span class='ocr_line' id='line_1_7' title="bbox 251 753 905 836; baseline 0.011 -25"><span class='ocrx_word' id='word_1_26' title='bbox 251 753 408 830; x_wconf 75' lang='lat' dir='ltr'>Compesce</span> <span class='ocrx_word' id='word_1_27' title='bbox 421 765 554 813; x_wconf 85' lang='lat' dir='ltr'>mentem.</span> <span class='ocrx_word' id='word_1_28' title='bbox 595 755 646 814; x_wconf 89' lang='lat' dir='ltr'>Me</span> <span class='ocrx_word' id='word_1_29' title='bbox 660 759 769 833; x_wconf 88' lang='lat' dir='ltr'>quoque</span> <span class='ocrx_word' id='word_1_30' title='bbox 783 760 905 836; x_wconf 87' lang='lat' dir='ltr'>pectoris</span> 
     </span>
     <span class='ocr_line' id='line_1_8' title="bbox 328 833 726 913; baseline 0.01 -22"><span class='ocrx_word' id='word_1_31' title='bbox 328 833 463 893; x_wconf 77' lang='lat' dir='ltr'>&#39;lentavit</span> <span class='ocrx_word' id='word_1_32' title='bbox 476 834 506 891; x_wconf 94' lang='lat' dir='ltr'>in</span> <span class='ocrx_word' id='word_1_33' title='bbox 520 835 598 893; x_wconf 88' lang='lat' dir='ltr'>dulci</span> <span class='ocrx_word' id='word_1_34' title='bbox 609 836 726 913; x_wconf 63' lang='lat' dir='ltr'>juventi</span> 
     </span>
     <span class='ocr_line' id='line_1_9' title="bbox 407 913 852 987; baseline 0.016 -18"><span class='ocrx_word' id='word_1_35' title='bbox 407 913 522 987; x_wconf 78' lang='lat' dir='ltr'>Feruor,</span> <span class='ocrx_word' id='word_1_36' title='bbox 536 923 566 971; x_wconf 90' lang='lat' dir='ltr'>et</span> <span class='ocrx_word' id='word_1_37' title='bbox 578 915 608 972; x_wconf 95' lang='lat' dir='ltr'>in</span> <span class='ocrx_word' id='word_1_38' title='bbox 623 916 731 973; x_wconf 81' lang='lat' dir='ltr'>celeres</span> <span class='ocrx_word' id='word_1_39' title='bbox 744 916 852 977; x_wconf 88' lang='lat' dir='ltr'>iambos</span> 
     </span>
     <span class='ocr_line' id='line_1_10' title="bbox 250 990 794 1071; baseline 0.007 -22"><span class='ocrx_word' id='word_1_40' title='bbox 250 990 331 1051; x_wconf 81' lang='lat' dir='ltr'>Misit</span> <span class='ocrx_word' id='word_1_41' title='bbox 343 992 499 1050; x_wconf 83' lang='lat' dir='ltr'>liuentem:</span> <span class='ocrx_word' id='word_1_42' title='bbox 520 1012 598 1052; x_wconf 91' lang='lat' dir='ltr'>nunc</span> <span class='ocrx_word' id='word_1_43' title='bbox 612 1013 666 1071; x_wconf 86' lang='lat' dir='ltr'>ego</span> <span class='ocrx_word' id='word_1_44' title='bbox 680 995 794 1054; x_wconf 88' lang='lat' dir='ltr'>mitibus</span> 
     </span>
     <span class='ocr_line' id='line_1_11' title="bbox 250 1070 751 1147; baseline 0.004 -18"><span class='ocrx_word' id='word_1_45' title='bbox 250 1070 363 1131; x_wconf 77' lang='lat' dir='ltr'>Mutare</span> <span class='ocrx_word' id='word_1_46' title='bbox 377 1089 472 1147; x_wconf 82' lang='lat' dir='ltr'>quaerc</span> <span class='ocrx_word' id='word_1_47' title='bbox 485 1073 583 1146; x_wconf 90' lang='lat' dir='ltr'>tristia,</span> <span class='ocrx_word' id='word_1_48' title='bbox 599 1074 667 1131; x_wconf 89' lang='lat' dir='ltr'>dum</span> <span class='ocrx_word' id='word_1_49' title='bbox 681 1075 751 1133; x_wconf 92' lang='lat' dir='ltr'>mihi</span> 
     </span>
     <span class='ocr_line' id='line_1_12' title="bbox 327 1149 701 1210; baseline 0.005 -2"><span class='ocrx_word' id='word_1_50' title='bbox 327 1149 395 1210; x_wconf 81' lang='lat' dir='ltr'>Fies</span> <span class='ocrx_word' id='word_1_51' title='bbox 408 1153 560 1209; x_wconf 76' lang='lat' dir='ltr'>recantatis</span> <span class='ocrx_word' id='word_1_52' title='bbox 574 1153 667 1210; x_wconf 88' lang='lat' dir='ltr'>amica</span> <span class='ocrx_word' id='word_1_53' title='bbox 699 1205 701 1209; x_wconf 90' lang='lat'>.</span> 
     </span>
     <span class='ocr_line' id='line_1_13' title="bbox 361 1228 899 1311; baseline 0.011 -23"><span class='ocrx_word' id='word_1_54' title='bbox 361 1240 365 1257; x_wconf 87' lang='lat'>&#39;</span> <span class='ocrx_word' id='word_1_55' title='bbox 404 1228 580 1308; x_wconf 86' lang='lat' dir='ltr'>Opprobriis,</span> <span class='ocrx_word' id='word_1_56' title='bbox 595 1233 777 1311; x_wconf 88' lang='lat' dir='ltr'>animumque</span> <span class='ocrx_word' id='word_1_57' title='bbox 790 1234 899 1294; x_wconf 80' lang='lat' dir='ltr'>reddas</span> 
     </span>
    </p>
   </div>
   <div class='ocr_carea' id='block_1_3' title="bbox 498 1544 669 1605">
    <p class='ocr_par' dir='ltr' id='par_1_3' title="bbox 498 1544 669 1605">
     <span class='ocr_line' id='line_1_14' title="bbox 498 1544 669 1605; baseline 0.006 -1"><span class='ocrx_word' id='word_1_58' title='bbox 498 1544 583 1604; x_wconf 85' lang='lat' dir='ltr'>ODE</span> <span class='ocrx_word' id='word_1_59' title='bbox 603 1546 669 1605; x_wconf 89' lang='lat' dir='ltr'>XV.</span> 
     </span>
    </p>
   </div>
   <div class='ocr_carea' id='block_1_4' title="bbox 393 1683 720 1725">
    <p class='ocr_par' dir='ltr' id='par_1_4' title="bbox 393 1683 720 1725">
     <span class='ocr_line' id='line_1_15' title="bbox 393 1683 720 1725; baseline 0.006 -2"><span class='ocrx_word' id='word_1_60' title='bbox 393 1718 396 1723; x_wconf 96' lang='lat'>.</span> <span class='ocrx_word' id='word_1_61' title='bbox 448 1683 488 1725; x_wconf 79' lang='lat' dir='ltr'>tu&gt;</span> <span class='ocrx_word' id='word_1_62' title='bbox 508 1684 720 1725; x_wconf 72' lang='lat' dir='ltr'>TYNDARIDEM·</span> 
     </span>
    </p>
   </div>
   <div class='ocr_carea' id='block_1_5' title="bbox 240 1781 906 3683">
    <p class='ocr_par' dir='ltr' id='par_1_5' title="bbox 240 1781 906 3683">
     <span class='ocr_line' id='line_1_16' title="bbox 242 1781 780 1860; baseline -0.002 -15"><span class='ocrx_word' id='word_1_63' title='bbox 242 1787 349 1845; x_wconf 84' lang='lat' dir='ltr'>Vnucx</span> <span class='ocrx_word' id='word_1_64' title='bbox 362 1801 505 1842; x_wconf 88' lang='lat' dir='ltr'>amoenum</span> <span class='ocrx_word' id='word_1_65' title='bbox 519 1781 593 1860; x_wconf 76' lang='lat' dir='ltr'>saepe</span> <span class='ocrx_word' id='word_1_66' title='bbox 608 1783 780 1844; x_wconf 87' lang='lat' dir='ltr'>Lucretilem</span> 
     </span>
     <span class='ocr_line' id='line_1_17' title="bbox 247 1863 769 1942; baseline 0 -18"><span class='ocrx_word' id='word_1_67' title='bbox 247 1866 342 1924; x_wconf 89' lang='lat' dir='ltr'>Mutat</span> <span class='ocrx_word' id='word_1_68' title='bbox 355 1863 457 1940; x_wconf 75' lang='lat' dir='ltr'>Lycao</span> <span class='ocrx_word' id='word_1_69' title='bbox 471 1863 599 1938; x_wconf 81' lang='lat' dir='ltr'>Faunus,</span> <span class='ocrx_word' id='word_1_70' title='bbox 614 1876 643 1922; x_wconf 92' lang='lat' dir='ltr'>et</span> <span class='ocrx_word' id='word_1_71' title='bbox 656 1865 769 1942; x_wconf 85' lang='lat' dir='ltr'>igneam</span> 
     </span>
     <span class='ocr_line' id='line_1_18' title="bbox 327 1943 731 2020; baseline 0.002 -18"><span class='ocrx_word' id='word_1_72' title='bbox 327 1943 463 2002; x_wconf 84' lang='lat' dir='ltr'>Defendit</span> <span class='ocrx_word' id='word_1_73' title='bbox 476 1954 601 2002; x_wconf 84' lang='lat' dir='ltr'>aestatem</span> <span class='ocrx_word' id='word_1_74' title='bbox 615 1945 731 2020; x_wconf 88' lang='lat' dir='ltr'>capellis</span> 
     </span>
     <span class='ocr_line' id='line_1_19' title="bbox 403 2023 886 2102; baseline 0.008 -21"><span class='ocrx_word' id='word_1_75' title='bbox 403 2023 498 2100; x_wconf 89' lang='lat' dir='ltr'>Usque</span> <span class='ocrx_word' id='word_1_76' title='bbox 509 2024 590 2096; x_wconf 91' lang='lat' dir='ltr'>meis,</span> <span class='ocrx_word' id='word_1_77' title='bbox 604 2024 767 2102; x_wconf 89' lang='lat' dir='ltr'>pluviosque</span> <span class='ocrx_word' id='word_1_78' title='bbox 782 2038 886 2085; x_wconf 88' lang='lat' dir='ltr'>ventos.</span> 
     </span>
     <span class='ocr_line' id='line_1_20' title="bbox 246 2099 778 2181; baseline 0.006 -22"><span class='ocrx_word' id='word_1_79' title='bbox 246 2099 368 2180; x_wconf 78' lang='lat' dir='ltr'>Impune</span> <span class='ocrx_word' id='word_1_80' title='bbox 382 2112 473 2160; x_wconf 90' lang='lat' dir='ltr'>tutum</span> <span class='ocrx_word' id='word_1_81' title='bbox 487 2124 536 2181; x_wconf 90' lang='lat' dir='ltr'>per</span> <span class='ocrx_word' id='word_1_82' title='bbox 550 2123 651 2161; x_wconf 90' lang='lat' dir='ltr'>nemus</span> <span class='ocrx_word' id='word_1_83' title='bbox 666 2106 778 2163; x_wconf 88' lang='lat' dir='ltr'>arbutos</span> 
     </span>
     <span class='ocr_line' id='line_1_21' title="bbox 246 2181 774 2257; baseline 0.008 -19"><span class='ocrx_word' id='word_1_84' title='bbox 246 2182 389 2245; x_wconf 79' lang='lat' dir='ltr'>Quaeruat</span> <span class='ocrx_word' id='word_1_85' title='bbox 401 2181 521 2239; x_wconf 79' lang='lat' dir='ltr'>latentes</span> <span class='ocrx_word' id='word_1_86' title='bbox 534 2191 563 2238; x_wconf 89' lang='lat' dir='ltr'>et</span> <span class='ocrx_word' id='word_1_87' title='bbox 576 2184 672 2257; x_wconf 88' lang='lat' dir='ltr'>thyma</span> <span class='ocrx_word' id='word_1_88' title='bbox 686 2185 774 2242; x_wconf 86' lang='lat' dir='ltr'>deviae</span> 
     </span>
     <span class='ocr_line' id='line_1_22' title="bbox 325 2259 676 2332; baseline 0.009 -16"><span class='ocrx_word' id='word_1_89' title='bbox 325 2259 438 2317; x_wconf 89' lang='lat' dir='ltr'>Olentis</span> <span class='ocrx_word' id='word_1_90' title='bbox 451 2279 553 2332; x_wconf 75' lang='lat' dir='ltr'>unctes</span> <span class='ocrx_word' id='word_1_91' title='bbox 566 2262 658 2319; x_wconf 91' lang='lat' dir='ltr'>mariti</span> <span class='ocrx_word' id='word_1_92' title='bbox 669 2283 676 2332; x_wconf 93' lang='lat'>;</span> 
     </span>
     <span class='ocr_line' id='line_1_23' title="bbox 402 2338 880 2416; baseline 0.008 -20"><span class='ocrx_word' id='word_1_93' title='bbox 402 2338 431 2396; x_wconf 95' lang='lat' dir='ltr'><strong>N</strong></span> <span class='ocrx_word' id='word_1_94' title='bbox 433 2359 467 2397; x_wconf 89' lang='lat' dir='ltr'>ec</span> <span class='ocrx_word' id='word_1_95' title='bbox 481 2340 583 2397; x_wconf 90' lang='lat' dir='ltr'>virides</span> <span class='ocrx_word' id='word_1_96' title='bbox 597 2351 727 2398; x_wconf 89' lang='lat' dir='ltr'>metuunt</span> <span class='ocrx_word' id='word_1_97' title='bbox 741 2340 880 2416; x_wconf 85' lang='lat' dir='ltr'>colubras,</span> 
     </span>
     <span class='ocr_line' id='line_1_24' title="bbox 246 2418 732 2496; baseline -0.004 -18"><span class='ocrx_word' id='word_1_98' title='bbox 246 2420 311 2478; x_wconf 89' lang='lat' dir='ltr'>Nec</span> <span class='ocrx_word' id='word_1_99' title='bbox 325 2418 471 2477; x_wconf 86' lang='lat' dir='ltr'>Martiales</span> <span class='ocrx_word' id='word_1_100' title='bbox 485 2420 620 2476; x_wconf 80' lang='lat' dir='ltr'>hmduleae</span> <span class='ocrx_word' id='word_1_101' title='bbox 634 2421 732 2496; x_wconf 85' lang='lat' dir='ltr'>lup0s3</span> 
     </span>
     <span class='ocr_line' id='line_1_25' title="bbox 244 2498 757 2576; baseline -0.002 -18"><span class='ocrx_word' id='word_1_102' title='bbox 244 2500 395 2576; x_wconf 86' lang='lat' dir='ltr'>Utcunque</span> <span class='ocrx_word' id='word_1_103' title='bbox 409 2499 496 2573; x_wconf 94' lang='lat' dir='ltr'>dulci,</span> <span class='ocrx_word' id='word_1_104' title='bbox 511 2498 649 2575; x_wconf 90' lang='lat' dir='ltr'>Tyndari,</span> <span class='ocrx_word' id='word_1_105' title='bbox 664 2499 757 2557; x_wconf 73' lang='lat' dir='ltr'>fistuli</span> 
     </span>
     <span class='ocr_line' id='line_1_26' title="bbox 321 2578 721 2637; baseline 0 0"><span class='ocrx_word' id='word_1_106' title='bbox 321 2579 417 2637; x_wconf 87' lang='lat' dir='ltr'>Valles</span> <span class='ocrx_word' id='word_1_107' title='bbox 430 2590 460 2637; x_wconf 89' lang='lat' dir='ltr'>et</span> <span class='ocrx_word' id='word_1_108' title='bbox 472 2578 576 2637; x_wconf 79' lang='lat' dir='ltr'>Ustica</span> <span class='ocrx_word' id='word_1_109' title='bbox 591 2579 721 2637; x_wconf 89' lang='lat' dir='ltr'>cubantis</span> 
     </span>
     <span class='ocr_line' id='line_1_27' title="bbox 402 2656 765 2733; baseline 0.011 -20"><span class='ocrx_word' id='word_1_110' title='bbox 402 2657 490 2714; x_wconf 86' lang='lat' dir='ltr'>Levia</span> <span class='ocrx_word' id='word_1_111' title='bbox 503 2656 676 2733; x_wconf 66' lang='lat' dir='ltr'>personuere</span> <span class='ocrx_word' id='word_1_112' title='bbox 690 2679 765 2717; x_wconf 88' lang='lat' dir='ltr'>saxa.</span> 
     </span>
     <span class='ocr_line' id='line_1_28' title="bbox 240 2735 730 2811; baseline 0.002 -17"><span class='ocrx_word' id='word_1_113' title='bbox 240 2735 278 2794; x_wconf 89' lang='lat' dir='ltr'>Di</span> <span class='ocrx_word' id='word_1_114' title='bbox 292 2754 337 2793; x_wconf 92' lang='lat' dir='ltr'>me</span> <span class='ocrx_word' id='word_1_115' title='bbox 351 2744 483 2793; x_wconf 90' lang='lat' dir='ltr'>tuentur:</span> <span class='ocrx_word' id='word_1_116' title='bbox 505 2736 549 2791; x_wconf 87' lang='lat' dir='ltr'>dis</span> <span class='ocrx_word' id='word_1_117' title='bbox 562 2738 651 2811; x_wconf 88' lang='lat' dir='ltr'>pietas</span> <span class='ocrx_word' id='word_1_118' title='bbox 666 2757 730 2795; x_wconf 89' lang='lat' dir='ltr'>mea</span> 
     </span>
     <span class='ocr_line' id='line_1_29' title="bbox 244 2813 797 2893; baseline 0 -20"><span class='ocrx_word' id='word_1_119' title='bbox 244 2816 282 2873; x_wconf 90' lang='lat' dir='ltr'>Et</span> <span class='ocrx_word' id='word_1_120' title='bbox 295 2814 381 2872; x_wconf 87' lang='lat' dir='ltr'>Musa</span> <span class='ocrx_word' id='word_1_121' title='bbox 393 2814 472 2871; x_wconf 90' lang='lat' dir='ltr'>cordi</span> <span class='ocrx_word' id='word_1_122' title='bbox 486 2824 536 2870; x_wconf 88' lang='lat' dir='ltr'>est.</span> <span class='ocrx_word' id='word_1_123' title='bbox 577 2813 637 2871; x_wconf 90' lang='lat' dir='ltr'>Hic</span> <span class='ocrx_word' id='word_1_124' title='bbox 650 2816 701 2871; x_wconf 92' lang='lat' dir='ltr'>tibi</span> <span class='ocrx_word' id='word_1_125' title='bbox 715 2817 797 2893; x_wconf 87' lang='lat' dir='ltr'>copia</span> 
     </span>
     <span class='ocr_line' id='line_1_30' title="bbox 323 2892 769 2971; baseline 0.004 -21"><span class='ocrx_word' id='word_1_126' title='bbox 323 2893 453 2951; x_wconf 90' lang='lat' dir='ltr'>Manabit</span> <span class='ocrx_word' id='word_1_127' title='bbox 466 2893 502 2951; x_wconf 90' lang='lat' dir='ltr'>ad</span> <span class='ocrx_word' id='word_1_128' title='bbox 515 2892 632 2969; x_wconf 91' lang='lat' dir='ltr'>plenum</span> <span class='ocrx_word' id='word_1_129' title='bbox 646 2894 769 2971; x_wconf 85' lang='lat' dir='ltr'>benigno</span> 
     </span>
     <span class='ocr_line' id='line_1_31' title="bbox 400 2972 906 3050; baseline 0.004 -19"><span class='ocrx_word' id='word_1_130' title='bbox 400 2972 489 3031; x_wconf 87' lang='lat' dir='ltr'>Ruris</span> <span class='ocrx_word' id='word_1_131' title='bbox 503 2974 641 3031; x_wconf 88' lang='lat' dir='ltr'>honorum</span> <span class='ocrx_word' id='word_1_132' title='bbox 654 2973 787 3050; x_wconf 89' lang='lat' dir='ltr'>opulenta</span> <span class='ocrx_word' id='word_1_133' title='bbox 800 2994 906 3047; x_wconf 57' lang='lat' dir='ltr'>cornu„</span> 
     </span>
     <span class='ocr_line' id='line_1_32' title="bbox 244 3051 769 3112; baseline 0 -2"><span class='ocrx_word' id='word_1_134' title='bbox 244 3051 304 3112; x_wconf 91' lang='lat' dir='ltr'>Hic</span> <span class='ocrx_word' id='word_1_135' title='bbox 317 3054 347 3112; x_wconf 91' lang='lat' dir='ltr'>iu</span> <span class='ocrx_word' id='word_1_136' title='bbox 360 3052 479 3110; x_wconf 73' lang='lat' dir='ltr'>reducta</span> <span class='ocrx_word' id='word_1_137' title='bbox 493 3052 566 3111; x_wconf 87' lang='lat' dir='ltr'>valle·</span> <span class='ocrx_word' id='word_1_138' title='bbox 577 3051 723 3110; x_wconf 83' lang='lat' dir='ltr'>Caniculae</span> <span class='ocrx_word' id='word_1_139' title='bbox 768 3051 769 3055; x_wconf 69' lang='grc'>’</span> 
     </span>
     <span class='ocr_line' id='line_1_33' title="bbox 244 3131 685 3211; baseline 0.002 -22"><span class='ocrx_word' id='word_1_140' title='bbox 244 3131 356 3190; x_wconf 87' lang='lat' dir='ltr'>Vitabis</span> <span class='ocrx_word' id='word_1_141' title='bbox 369 3143 468 3202; x_wconf 85' lang='lat' dir='ltr'>aestus3</span> <span class='ocrx_word' id='word_1_142' title='bbox 490 3143 518 3211; x_wconf 83' lang='lat' dir='ltr'>et</span> <span class='ocrx_word' id='word_1_143' title='bbox 531 3132 587 3189; x_wconf 88' lang='lat' dir='ltr'>fide</span> <span class='ocrx_word' id='word_1_144' title='bbox 599 3131 685 3206; x_wconf 20' lang='lat' dir='ltr'>Tela,</span> 
     </span>
     <span class='ocr_line' id='line_1_34' title="bbox 321 3209 694 3269; baseline 0.005 -2"><span class='ocrx_word' id='word_1_145' title='bbox 321 3209 408 3268; x_wconf 87' lang='lat' dir='ltr'>Dices</span> <span class='ocrx_word' id='word_1_146' title='bbox 421 3211 579 3269; x_wconf 88' lang='lat' dir='ltr'>laborantes</span> <span class='ocrx_word' id='word_1_147' title='bbox 593 3211 622 3269; x_wconf 91' lang='lat' dir='ltr'>in</span> <span class='ocrx_word' id='word_1_148' title='bbox 636 3224 694 3269; x_wconf 83' lang='lat' dir='ltr'>uno</span> 
     </span>
     <span class='ocr_line' id='line_1_35' title="bbox 399 3288 872 3366; baseline 0.008 -20"><span class='ocrx_word' id='word_1_149' title='bbox 399 3288 560 3366; x_wconf 88' lang='lat' dir='ltr'>Penelopen</span> <span class='ocrx_word' id='word_1_150' title='bbox 574 3290 745 3366; x_wconf 87' lang='lat' dir='ltr'>vitreamque</span> <span class='ocrx_word' id='word_1_151' title='bbox 759 3290 872 3350; x_wconf 85' lang='lat' dir='ltr'>Circen.</span> 
     </span>
     <span class='ocr_line' id='line_1_36' title="bbox 244 3367 697 3446; baseline 0.004 -21"><span class='ocrx_word' id='word_1_152' title='bbox 244 3367 303 3426; x_wconf 88' lang='lat' dir='ltr'>Hic</span> <span class='ocrx_word' id='word_1_153' title='bbox 316 3369 474 3428; x_wconf 89' lang='lat' dir='ltr'>innocentis</span> <span class='ocrx_word' id='word_1_154' title='bbox 487 3369 589 3446; x_wconf 72' lang='lat' dir='ltr'>pocuh</span> <span class='ocrx_word' id='word_1_155' title='bbox 601 3369 697 3427; x_wconf 89' lang='lat' dir='ltr'>Lesbii</span> 
     </span>
     <span class='ocr_line' id='line_1_37' title="bbox 243 3446 782 3507; baseline -0.004 -1"><span class='ocrx_word' id='word_1_156' title='bbox 243 3446 339 3506; x_wconf 89' lang='lat' dir='ltr'>Duces</span> <span class='ocrx_word' id='word_1_157' title='bbox 352 3449 404 3505; x_wconf 90' lang='lat' dir='ltr'>sub</span> <span class='ocrx_word' id='word_1_158' title='bbox 419 3449 534 3507; x_wconf 78' lang='lat' dir='ltr'>umbra:</span> <span class='ocrx_word' id='word_1_159' title='bbox 556 3468 611 3506; x_wconf 90' lang='lat' dir='ltr'>aec</span> <span class='ocrx_word' id='word_1_160' title='bbox 625 3448 782 3507; x_wconf 86' lang='lat' dir='ltr'>Semeleius</span> 
     </span>
     <span class='ocr_line' id='line_1_38' title="bbox 321 3526 842 3603; baseline -0.002 -18"><span class='ocrx_word' id='word_1_161' title='bbox 321 3527 396 3586; x_wconf 85' lang='lat' dir='ltr'>Cum</span> <span class='ocrx_word' id='word_1_162' title='bbox 410 3526 502 3586; x_wconf 88' lang='lat' dir='ltr'>Marte</span> <span class='ocrx_word' id='word_1_163' title='bbox 517 3527 673 3585; x_wconf 87' lang='lat' dir='ltr'>confundet</span> <span class='ocrx_word' id='word_1_164' title='bbox 685 3526 842 3603; x_wconf 87' lang='lat' dir='ltr'>Thyoneus</span> 
     </span>
     <span class='ocr_line' id='line_1_39' title="bbox 397 3606 868 3683; baseline 0.008 -21"><span class='ocrx_word' id='word_1_165' title='bbox 397 3606 515 3679; x_wconf 87' lang='lat' dir='ltr'>Proelia;</span> <span class='ocrx_word' id='word_1_166' title='bbox 531 3626 585 3665; x_wconf 90' lang='lat' dir='ltr'>nec</span> <span class='ocrx_word' id='word_1_167' title='bbox 599 3617 708 3664; x_wconf 92' lang='lat' dir='ltr'>metues</span> <span class='ocrx_word' id='word_1_168' title='bbox 719 3617 868 3683; x_wconf 88' lang='lat' dir='ltr'>protervos.</span> 
     </span>
    </p>
   </div>
   <div class='ocr_carea' id='block_1_6' title="bbox 0 0 1226 4216">
    <p class='ocr_par' dir='ltr' id='par_1_6' title="bbox 0 0 1226 4216">
     <span class='ocr_line' id='line_1_40' title="bbox 0 0 1226 4216; baseline 0 1"><span class='ocrx_word' id='word_1_169' title='bbox 0 0 1226 4216; x_wconf 95' lang='lat' dir='ltr'> </span> 
     </span>
    </p>
   </div>
  </div>
 </body>
</html>
