2444 4216
444 193 639 252 anonam
656 192 781 275 nancel

438 337 501 396 Nos
513 338 691 402 cantabimus
705 338 828 396 invicem

249 427 254 443 “
279 418 455 497 Neptunum,
464 429 494 475 et
508 419 609 476 virides
617 416 782 475 Nereidum
797 436 910 477 comas:

435 495 485 553 Tu
498 498 586 554 curva
597 499 710 556 recines
723 497 784 573 lyri
805 566 807 571 y

279 578 428 649 Latonam,
442 586 474 634 et
484 577 585 635 celeris
599 578 708 654 spicula
719 576 868 652 Cynthiae:
938 603 941 607 <

437 657 557 714 Summo
570 658 708 728 carmIne,
722 673 784 731 quae
798 655 913 715 Cnidon

280 735 491 813 Fulgentesque
505 745 585 816 tepet
597 736 747 813 Cycladas,
762 747 790 793 et
804 736 920 812 Paphon

437 814 629 874 Junctisvisit
642 815 784 874 oloribus:
903 842 906 847 ·

280 895 399 954 Dicetur
413 896 514 953 meriti
528 894 595 954 Nox
607 916 717 972 quoque
728 894 830 953 nenia

452 1246 455 1251 »
507 1210 592 1268 ODE
612 1210 731 1269 XXIII.
773 1257 776 1260 r

478 1330 526 1388 a‘n'
539 1334 746 1388 sincerrimam.

283 1451 457 1510 Turraniana
478 1467 578 1524 regum
591 1449 752 1523 progenies,
766 1448 818 1506 tibi

283 1529 351 1588 Non
366 1526 431 1586 ante
446 1547 526 1584 verso
539 1528 603 1584 lene
619 1546 727 1584 merum
741 1529 813 1586 cado

323 1610 398 1667 Cum
413 1607 489 1679 flore,
505 1606 660 1679 Macenas
675 1626 811 1680 rosarum,
825 1617 855 1665 et
923 1620 924 1625 ’
954 1640 956 1644 ,

363 1687 464 1744 Pressa
477 1688 533 1744 tuis
547 1687 665 1744 balanus
679 1688 788 1763 capillis

284 1768 458 1826 Jamdudum
474 1767 548 1842 apud
563 1786 609 1823 me
623 1777 673 1823 est.
716 1765 804 1843 Eripe
816 1777 846 1825 te
858 1785 962 1826 more:

285 1847 334 1905 Ne
348 1865 458 1922 semper
472 1847 561 1902 udum
571 1844 668 1902 Tibur
683 1857 711 1903 et
725 1846 834 1903 AEsulae

324 1927 442 1985 Declive
455 1925 654 2002 contempleris
668 1944 775 1997 arvum,
790 1935 819 1982 et

327 2005 328 2008 ’
363 2006 504 2082 Telegoni
516 2006 585 2082 juga
598 2005 754 2081 parricidae.

285 2085 473 2142 Fastidiosam
487 2087 587 2143 desere
601 2086 723 2161 copiam,
736 2095 766 2142 et

286 2164 392 2222 Molem
407 2165 592 2239 propinquam
605 2165 729 2223 nubibus
742 2163 854 2222 arduis:

324 2242 433 2300 Omitto
448 2243 542 2300 mirari
557 2244 646 2299 beatae
670 2258 676 2266 ·

364 2321 487 2379 Fumum
502 2334 531 2380 et
543 2342 611 2398 opes
625 2323 827 2398 strepitumque
841 2321 952 2380 Rome.

286 2401 457 2477 Plerumque
471 2413 558 2478 gratae
571 2402 704 2459 divitibus
718 2402 814 2470 vices;

286 2481 461 2557 Mundaeque
474 2495 559 2558 parvo
573 2482 625 2538 sub
639 2482 696 2539 lare
709 2498 866 2558 pauperum

327 2562 435 2633 cene,
449 2561 512 2619 sine
526 2561 623 2618 aulaeis
637 2572 666 2619 et
679 2572 763 2633 ostro,
805 2572 809 2602 ³

367 2641 522 2698 Sollicitam
538 2639 700 2716 explicuere
715 2641 843 2698 frontem.

287 2719 305 2776 J
308 2740 352 2776 am
367 2721 460 2776 clarus
473 2720 616 2775 occultum
629 2720 827 2777 Andromedes
837 2730 916 2796 pater

286 2800 422 2857 Ostendit
437 2798 550 2872 ignem:
569 2798 628 2871 jam
643 2798 772 2872 Procyon
787 2799 863 2871 furit,
916 2794 918 2802 ’

327 2879 364 2935 Et
378 2877 457 2934 stella
472 2876 569 2932 vesani
584 2875 699 2947 Leonis,

368 2958 434 3015 Sole
449 2957 510 3013 dies
524 2955 663 3012 referente
674 2955 776 3012 siccos.

287 3037 353 3095 Iam
367 3051 460 3113 pastor
476 3037 589 3093 umbras
603 3055 668 3092 curn
683 3053 769 3111 grege
783 3033 918 3110 languido

288 3117 450 3190 Rivumque
466 3117 556 3173 fessus
569 3116 677 3191 quaerit,
692 3126 720 3172 et
734 3114 839 3173 horridi

327 3195 452 3251 Dumeta
468 3194 592 3264 Silvani3
614 3207 746 3270 caretque

368 3274 444 3348 Ripa
459 3274 536 3346 vagis
550 3274 691 3330 taciturna
705 3273 803 3331 ventis.

288 3353 337 3409 Tu
352 3353 494 3409 civitatem
509 3352 571 3425 quis
585 3354 685 3410 deceat
699 3363 789 3410 status

288 3432 389 3502 Caras,
404 3443 432 3489 et
446 3430 515 3488 Urbi
526 3431 662 3488 sollicitus
672 3434 755 3490 times

327 3512 408 3574 Quid
424 3512 508 3568 Seres
522 3523 550 3568 et
564 3524 681 3587 regnata
695 3513 771 3588 Cyro

370 3591 470 3649 Bactra
485 3602 594 3667 parent,
609 3591 775 3668 Tanaisque
788 3591 906 3650 discors.

293 3673 421 3729 Prudens
437 3672 520 3729 futuri
535 3672 667 3747 temporis
681 3673 788 3730 exitum

292 3752 456 3829 Caliginosd
470 3763 553 3810 nocte
567 3752 668 3829 premit
682 3751 761 3809 Deus
769 3794 778 3822 ,
