2444 4216
244 471 291 561 Q.
332 468 606 544 HORATII
646 465 885 542 FLACCI

408 714 724 782 CARMINUM

429 959 533 1008 LIBER
548 957 705 1007 TERTIUS.

465 1363 549 1425 ODE
569 1365 592 1423 I.

232 1488 293 1546 Our
306 1484 452 1563 profanum
466 1486 575 1562 vulgus,
589 1495 618 1543 et
631 1504 722 1544 arceo.

234 1567 339 1624 Favete
353 1565 472 1641 linguis:
494 1566 618 1621 earmina
631 1585 688 1622 non
702 1562 779 1641 prius

273 1646 380 1702 Audita
393 1644 683 1702 Musarum'saoerdos

310 1723 474 1800 Virginibus
488 1723 635 1798 puerisque
647 1722 752 1781 canto}

232 1805 346 1880 Regum
360 1804 546 1860 timendorum
562 1803 590 1859 in
604 1804 729 1878 proprios
743 1822 850 1878 greges,

231 1883 329 1959 Reges
342 1884 371 1939 in
386 1883 459 1958 ipsos
474 1882 621 1957 imperium
635 1891 678 1938 est
691 1881 708 1936 J
711 1883 779 1954 oris,

271 1962 347 2019 Clari
361 1962 501 2038 Giganteo
514 1961 665 2035 triumpha,

308 2041 421 2098 Cuncta
434 2039 583 2115 supercilio
596 2040 741 2098 moventis.

231 2117 282 2178 Est
295 2132 326 2178 ut
339 2120 397 2177 viro
411 2119 451 2176 vir
464 2117 548 2177 latius
560 2118 671 2176 ordinet

230 2200 356 2257 Arbusta
368 2199 469 2268 srrlois;
491 2198 537 2255 hia
551 2199 725 2275 generosior·

269 2278 433 2336 Desoeudat
446 2277 475 2335 in
489 2278 628 2354 Campum
642 2279 758 2353 petitor;
860 2322 863 2326 .

307 2356 435 2415 Moribus
449 2359 496 2414 hio
510 2357 663 2431 meliorque
678 2356 753 2413 tamt

229 2437 407 2504 Contendat;
429 2437 468 2493 illi
482 2437 563 2493 turba
576 2435 722 2491 clientium

231 2516 275 2571 Sit
288 2514 391 2588 major:
414 2515 494 2587 aequd
507 2514 570 2586 lege
584 2511 748 2568 Necessitas

271 2592 393 2649 Sortitur
408 2592 533 2665 insignes
546 2600 575 2646 et
589 2589 674 2660 imos;

309 2669 405 2726 Omne
419 2688 508 2745 capax
520 2680 612 2726 movet
626 2688 695 2726 urna
709 2689 820 2729 nomen.

230 2750 382 2808 Distriotus
396 2749 471 2805 ensis
484 2749 531 2805 oui
545 2767 628 2824 super
642 2749 729 2825 impid

230 2829 348 2887 Cervice
362 2829 474 2904 pendet,
488 2848 546 2886 non
562 2828 666 2885 Sieulae
680 2830 766 2904 dapes

269 2908 390 2965 Dulaem
404 2908 587 2964 elaborabunt
601 2926 745 2981 saporem;

308 2987 376 3043 Non
390 2987 482 3042 avium
497 2985 666 3058 eitharaeque
681 2995 781 3042 cantus

230 3069 368 3126 Somnum
382 3066 526 3122 reducent.
561 3064 684 3120 Somnus
697 3064 848 3139 agrestium
938 3094 942 3103 ¹

230 3147 316 3204 Lenis
330 3146 450 3201 virorum
465 3162 521 3199 non
535 3143 654 3199 humiles
667 3144 765 3202 domos

269 3224 398 3295 Fastidit,
413 3224 605 3279 umbrosamne
619 3223 717 3298 ripam,

307 3303 374 3360 Nou
389 3301 527 3378 Zephyris
541 3303 643 3378 agitata
657 3301 782 3378 Tempe:

231 3382 445 3440 Desiderantem
459 3382 531 3456 quod
546 3379 613 3439 satis
626 3392 677 3452 est,
691 3400 783 3457 neque

231 3461 448 3519 Tumultuosum
463 3461 590 3518 sollicitat
604 3478 690 3531 mare,

271 3539 334 3599 Neo
347 3559 435 3598 saevus
450 3541 564 3598 Arcturi
578 3538 705 3597 cadentis

248 3699 251 3703 ‚
310 3618 443 3695 Impetus,
457 3632 505 3677 aut
517 3618 631 3753 spientis
645 3616 748 3675 Hoedi:
