2444 4216
437 192 646 255 ,eremum
663 192 729 244 Lm.
746 195 795 245 111.

327 338 481 413 Rideam,
490 337 516 395 si
529 337 653 396 mortalis
667 338 741 403 ultra

366 416 423 477 Fas
435 415 563 492 trepidat.
596 416 789 488 Quodedettt,
804 426 946 480 momente

290 497 468 573 Compouere
482 514 595 571 equus:
617 508 719 555 uetera
732 494 859 559 fluminis

290 576 362 636 Ritu
376 576 513 647 fervmtur,
528 593 606 633 nune
619 575 714 633 medio
726 575 805 635 alveo

288 658 292 670 '
329 655 405 713 Cum
418 673 490 729 paee
504 654 661 711 delabentis
676 653 828 713 Etruscum

367 732 403 791 In
417 751 503 803 mere,
518 751 596 788 nune
610 732 718 809 lapides
731 729 831 791 adesos

291 813 454 889 stirpesque
467 822 561 887 raptus
574 821 602 868 et
616 829 704 887 peeus
713 821 746 869 et
758 811 856 871 domos
876 864 879 869 ,

291 892 438 952 Volventis
452 891 519 962 uni,
534 909 591 949 nou
605 891 666 949 sine
680 891 819 949 montium

328 971 461 1029 Clamore
475 970 631 1049 vicinaeque
644 971 736 1043 silve,

371 1049 471 1111 Quum
486 1048 545 1108 fera
557 1050 677 1116 diluvies
690 1051 800 1126 quietos

292 1129 388 1187 Irritat
401 1148 506 1195 amnes.
548 1129 602 1186 Ille
615 1140 719 1205 potens
728 1129 773 1187 sui

292 1209 442 1283 Laetusque
457 1209 551 1282 deget,
566 1209 613 1264 eui
627 1209 694 1263 lieet
709 1208 738 1264 in
753 1208 828 1264 diem

330 1288 454 1357 Dixisse,
469 1290 486 1315 “
497 1286 564 1342 Vixi
574 1287 608 1341 '³1
629 1304 692 1358 oras
707 1286 749 1342 vel
761 1285 821 1343 atri

250 1363 252 1366 ⁴
372 1365 459 1422 Nube
472 1364 567 1438 polum
582 1364 664 1421 Pater
677 1376 827 1441 occupato,

296 1446 346 1504 Vel
362 1444 419 1501 sole
432 1462 503 1520 puro
516 1455 601 1580 gnon
615 1455 709 1501 tamen
724 1445 833 1501 irritum

291 1524 492 1597 Quodcunque
506 1544 517 1579 r
536 1536 578 1582 tro
592 1535 634 1581 est
647 1524 766 1593 efficietl
788 1541 880 1600 neque

330 1603 467 1678 Diffinget
480 1603 671 1678 infectumque
685 1604 784 1663 reddet

369 1683 456 1744 Quod
472 1682 583 1758 fugiens
597 1683 682 1740 semel
697 1685 765 1740 hora
778 1683 859 1742 vexit.

292 1762 427 1833 Fortuna,
443 1780 515 1819 saevo
528 1762 592 1818 laeta
606 1763 727 1838 negotio,
742 1773 770 1819 et

293 1842 406 1899 Ludum
421 1840 587 1898 insolentem
601 1843 698 1899 ludere
713 1842 851 1918 pertinax,
917 1897 923 1907 ,

334 1920 517 1978 Transmutat
532 1921 656 1979 incertos
670 1923 801 1992 honores,

371 2000 458 2056 Nune
472 2000 551 2070 mibi,
566 2019 644 2057 nuno
658 2001 705 2056 alii
720 2001 851 2074 benigna.

292 2079 392 2137 Laudo
407 2089 584 2134 manentem:
606 2080 629 2134 si
644 2079 751 2135 celeres
764 2078 853 2154 quatit

293 2160 415 2229 Pennas,
430 2158 543 2232 resigno
558 2177 619 2233 quve
634 2159 720 2230 dedit,
735 2169 763 2215 et
777 2158 841 2215 meri

332 2238 444 2295 Virtute
458 2256 503 2293 me
518 2237 636 2309 involvo,
650 2238 822 2314 probamque

372 2317 537 2392 Pauperiem
552 2317 613 2374 sine
628 2317 692 2375 dote
705 2337 808 2393 quaero.

293 2395 359 2454 Non
374 2407 417 2453 est
431 2415 535 2468 meum,
550 2398 573 2454 si
588 2398 695 2472 mugiat
709 2397 815 2453 Africis

294 2474 388 2533 Malus
401 2476 540 2549 procellis,
555 2477 590 2531 ad
605 2477 721 2533 miseras
734 2492 833 2550 preses

333 2553 501 2624 Decurrere,
515 2565 544 2610 et
557 2553 627 2610 votis
640 2553 746 2627 pacisci

373 2629 419 2686 Ne
434 2629 545 2704 Cypriae
559 2629 711 2704 Tyriaeque
725 2648 833 2687 meroes
880 2658 885 2674 ι

295 2710 414 2768 Addunt
427 2727 509 2765 avaro
523 2709 632 2766 divitias
647 2710 724 2766 mari.

294 2789 372 2847 Tum
387 2807 441 2858 me,
457 2788 570 2844 biremis
584 2790 713 2864 praesidio
727 2788 849 2865 soaphae,

333 2868 441 2924 Tutum
455 2886 504 2944 per
519 2867 633 2944 AEgaeos
646 2869 782 2926 tumultus

372 2946 452 3005 Aura
465 2946 535 3004 feret
548 2949 733 3022 geminusque
747 2947 855 3006 Pollux.

520 3279 603 3341 01)ss
622 3279 736 3343 XXIV.
783 3299 784 3303 ¹

225 3452 228 3459 .
294 3403 393 3461 Exuer
406 3411 619 3459 monumentum
635 3420 689 3460 aere
702 3402 863 3478 perennius,

295 3481 453 3557 Regalique
467 3481 522 3538 situ
536 3480 709 3555 pyramidum
725 3482 820 3553 altius3

296 3560 384 3622 Quod
398 3580 454 3617 non
469 3560 557 3616 imber
571 3561 652 3631 edax,
667 3580 724 3617 non
739 3561 843 3636 Aquilo
856 3561 994 3639 impotens

296 3639 389 3698 Possit
402 3639 521 3710 diruere,
536 3650 583 3696 aut
596 3639 807 3696 innumerabilis

298 3720 446 3775 Annorum
460 3719 556 3791 series,
571 3728 599 3776 et
612 3717 679 3794 fuga
692 3727 856 3795 temporum.
