2444 4216
133 230 194 292 142·
443 222 474 288 o.
492 214 637 278 nouerit
653 220 783 279 rnrccr.

173 375 281 433 Erucaa
294 376 405 447 virides,
420 375 541 432 inulase
560 387 561 390 ’
590 373 697 450 primus
711 388 820 432 amaras

171 454 324 514 Monstravi
338 456 504 529 incoquere3
526 452 544 510 il
558 465 619 511 utos
633 453 768 511 Curtillus
781 452 908 526 echinos,

170 533 207 591 Ut
221 533 319 592 melius
343 534 530 608 murid‚quam
544 544 616 590 testa
629 532 891 591 marineremirtit³‘

171 612 283 671 Interea
295 631 436 688 suspensa
443 631 542 690 graver
556 612 646 668 aulaea
658 612 756 669 ruinas

171 693 205 748 In
219 693 339 768 patinam
354 691 457 763 fecere,
473 691 611 758 trahentia
623 691 745 766 pulveris
759 692 811 748 atri
973 757 975 761 ,

170 771 317 832 Quantum
332 780 388 827 ιιοιι
398 739 507 862 'Aqirilo
521 769 674 845 Campanis
688 766 791 828 excitat
804 769 885 846 agris.

171 849 231 907 Nos
245 851 334 926 majus
349 851 427 907 veriti
431 861 596 926 ,postquam
611 850 680 907 nihil
695 869 757 906 esse
770 849 869 924 pericli

172 929 317 985 Sensimus
319 930 481 1005 ‚erigimur
522 928 617 986 Rufus
630 928 720 1003 posito
734 929 836 1005 capite,
850 939 881 985 ut
894 929 917 985 si

173 1007 282 1064 Filius
276 1021 440 1065 immaturus
453 1007 567 1079 obisset,
583 1006 656 1064 llere
696 1008 772 1081 Quis
785 1018 861 1064 esset

172 1087 261 1158 Finis,
276 1089 305 1144 ni
320 1088 430 1197 sapiens
444 1088 485 1144 sic
499 1054 696 1144 Norrientanus
710 1087 832 1143 amicum
1068 1088 1107 1146 60
1171 1088 1185 1144 .’

171 1133 365 1223 Tolleietl‘
369 1167 454 1224 ‘Heu
468 1154 608 1224 Forturla!
629 1166 691 1241 quis
705 1179 748 1225 est
761 1165 921 1223 crudelior
914 1185 944 1222 ιιι
956 1185 1008 1224 nos

172 1245 217 1301 Te
232 1247 319 1301 deusl
342 1257 372 1302 ut
385 1265 494 1321 semper
507 1246 614 1321 gaudes
628 1244 744 1302 illudere
758 1246 841 1301 rebus

172 1322 353 1380 Humanisl’'
382 1325 484 1382 Varius
497 1324 598 1400 mappa
611 1334 790 1400 compescere
804 1324 891 1381 risum

172 1403 227 1458 Vix
241 1413 354 1478 poterat.
396 1403 516 1474 Balatro,
532 1403 705 1507 suspepden's
716 1403 811 1460 omnia
824 1422 902 1499 pano,

173 1481 277 1538 “Haec
290 1494 332 1539 est
346 1483 468 1540 conditio
482 1450 622 1553 vilendi,'
638 1483 787 1551 aiebat;“
802 1479 893 1556 edque
1068 1482 1108 1540 65

173 1561 353 1636 Responsura
367 1572 415 1619 tuo
429 1579 572 1653 nunquam
586 1572 628 1618 est
641 1580 700 1639 par
706 1561 779 1618 sama
792 1561 888 1618 labori.

173 1639 265 1710 Tene,
279 1652 310 1696 ut
323 1659 375 1716 ego
390 1641 511 1717 accipiar
524 1638 600 1697 laute
604 1641 777 1730 ,torquerier
791 1640 866 1697 omni

175 1686 368 1775 sollicitudine
382 1719 561 1777 districtum?
581 1738 618 1776 ne
631 1721 712 1795 panis
725 1721 852 1792 adustus,

174 1797 220 1854 Ne
235 1795 306 1854 male
319 1799 488 1855 conditum
478 1817 524 1887 jus
538 1800 711 1886 apponaturl
731 1809 762 1854 ut
775 1817 874 1856 omnes

175 1877 324 1934 Precincti
338 1873 415 1933 recte
430 1875 509 1953 pueri
524 1877 684 1951 comptique
698 1877 875 1934 ministrentl
1070 1878 1108 1936 70

176 1957 258 2013 Adde
274 1958 323 2013 hos
336 1968 470 2047 preterea
483 1972 581 2012 casus:
603 1954 692 2011 aulea
705 1966 788 2011 ruant
801 1956 834 2027 si,

175 2035 211 2091 Ut
225 2032 324 2102 modd;
346 2036 369 2091 si
383 2034 505 2131 patinam
519 2034 590 2111 pede
603 2034 697 2110 lapsus
702 2034 819 2125 franget
833 2052 924 2110 agaso

175 2114 232 2169 Sed
246 2113 438 2185 convivatoris,
453 2111 493 2170 uti
507 2114 619 2171 ducis
591 2114 758 2190 ,ingenium
772 2132 816 2182 res
986 2125 990 2131 “

175 2193 307 2248 Adversae
321 2192 427 2248 nudare
440 2192 538 2264 solent,
554 2161 645 2249 celare
659 2194 801 2250 secuudae
803 2194 819 2221 ’'
901 2230 905 2236 =

175 2269 347 2327 Nasidienus
362 2270 397 2326 ad
413 2271 516 2327 ιιιιιοεί
520 2239 603 2329 ‘Tibi
617 2270 657 2341 di,
670 2290 844 2347 quecunque
858 2272 990 2347 preceris,
1055 2274 1108 2330 ‘vt

175 2349 329 2408 Commoda
343 2350 425 2418 dent;
446 2350 484 2407 ita
494 2349 534 2406 vir
548 2349 638 2406 bonus
651 2368 682 2406 es
695 2351 864 2426 convivaque
879 2351 995 2408 comis.'’

176 2427 213 2485 Et
226 2431 314 2487 soleas
327 2429 423 2505 poscit.
465 2428 541 2486 Tum
557 2429 585 2485 iu
599 2428 672 2490 lecto
685 2448 794 2504 quoque
808 2428 916 2487 videres

176 2509 300 2566 Stridore
314 2510 422 2568 secreti
433 2508 535 2566 divisos
548 2527 615 2566 aure
629 2515 763 2566 susurros.

547 2660 689 2719 ΗΟΒΛῊΡΙ.

177 2748 277 2807 Nullos
291 2736 334 2805 liis
348 2748 462 2806 mallem·
472 2749 553 2806 ludos
567 2744 725 2825 spectdsse:
746 2749 853 2808 sedilia
984 2774 987 2780 ’

177 2829 289 2900 Redde,
303 2843 365 2904 age,
378 2846 440 2904 quar
454 2828 588 2904 deinceps
601 2828 694 2886 risisti.
910 2835 913 2841 '

542 2998 700 3032 functurus.

777 3064 910 3122 Vibidius
922 3064 988 3121 dum
1069 3064 1109 3122 80

175 3141 288 3202 Quem
301 3143 336 3198 de
349 3144 444 3218 pueris
456 3161 525 3200 nurn
539 3145 575 3202 sit
588 3164 697 3220 quoque
711 3145 798 3202 fracta
810 3144 939 3220 lagena,

176 3217 264 3282 Quod
279 3219 329 3276 sibi
345 3222 469 3295 poscenti
483 3240 540 3277 non
554 3224 655 3280 deutur
668 3224 783 3300 pocula3
804 3225 925 3299 dumque

177 3299 299 3357 Ridetur
313 3298 384 3355 lictis
398 3317 500 3369 rerum,
514 3298 662 3359 Balatrone
676 3302 817 3372 secund03

176 3378 206 3437 N
209 3378 341 3450 asrdrene
355 3377 429 3434 redis
442 3387 553 3434 mutatae
568 3378 674 3451 frontis,
688 3391 719 3437 ut
732 3391 789 3437 arte

179 3425 385 3515 Emendatdrus
399 3456 553 3526 fortunam·
575 3456 678 3515 deinde
691 3458 802 3534 sequuti

180 3537 348 3595 Mazonomo
361 3537 440 3627 pueri
455 3555 557 3614 magno
570 3536 709 3611 discerpta
724 3537 843 3595 ferentes

180 3616 307 3675 Membra
320 3616 405 3692 gruis,
419 3636 527 3701 sparsi
498 3615 577 3674 sale
591 3615 688 3686 multo,
702 3634 759 3674 non
773 3616 833 3673 sine
839 3617 928 3692 farre,

160 3711 164 3721 ’
179 3695 335 3772 Pinguibus
348 3707 376 3754 et
389 3694 450 3754 ficis
462 3707 572 3774 pastum
583 3695 663 3772 jecur
674 3695 780 3754 auseris
793 3695 863 3768 albi;
