2444 4216
442 183 473 240 Q.
491 182 636 232 HORATII
646 182 775 234 uttccl

527 402 703 495 onnxm
761 412 764 417 ⁴

459 542 499 581 so
520 543 622 582 nurum
642 543 769 584 nummu.
800 530 802 544 ⁴
871 523 873 529 '
918 521 921 529 ’
998 524 1001 531 ’

279 642 356 714 AEm,
371 639 480 701 vetusto
495 644 596 702 nobilis
610 645 646 701 ab
660 643 760 716 Lamo,

279 720 419 798 (Quando
432 734 461 780 et
472 724 581 798 priores
594 724 662 781 hine
676 722 789 781 Lamias
803 722 896 781 serunt

317 800 532 874 Denominatos,
545 813 575 860 et
588 813 722 878 nepotum

245 915 250 930 ·
349 879 408 937 ¹Per
422 877 562 939 memores
575 901 666 958 genus
679 901 763 940 omne
775 882 860 941 fastos
875 912 880 933 e
900 902 903 907 ’

277 959 404 1017 Auctore
419 961 516 1018 abillo
529 961 609 1019 duoit
622 962 771 1037 originem,

276 1036 337 1099 Qui
352 1036 528 1096 Formiarum
542 1040 646 1097 moenia
659 1041 763 1097 dieitur

315 1116 461 1194 Prinoeps,
476 1131 504 1176 et
518 1120 663 1176 innantem
677 1118 795 1177 Metine
864 1149 865 1152 ¹

353 1196 508 1274 Littoribus
521 1199 646 1255 tenuisse
659 1199 758 1271 Lirim,

277 1272 349 1332 Late
363 1276 513 1355 tyrannus)
523 1298 530 1347 3
541 1291 615 1334 'ores
631 1277 704 1335 foliis
717 1296 819 1336 nemin

277 1352 377 1412 Multis
390 1368 418 1412 et
432 1356 496 1430 alge
510 1357 587 1413 littus
601 1357 694 1414 inutili
713 1360 714 1368 ’

314 1433 446 1491 Demissa
459 1445 609 1510 tempestas
624 1437 659 1491 ab
673 1435 750 1493 Euro

357 1514 480 1584 Sternet,
496 1533 574 1588 aquae
588 1514 643 1570 nisi
658 1514 729 1571 saliit
743 1532 833 1589 augur
892 1550 895 1558 ·
915 1548 920 1559 ι

276 1591 397 1648 Annosa
410 1593 517 1650 cornix.
559 1593 636 1650 Dum
651 1605 740 1670 putee,
755 1594 865 1651 aridum

278 1671 424 1746 Compone
438 1673 563 1747 lignum:
586 1691 649 1729 eras
662 1672 786 1750 Genium
800 1692 878 1731 mero

228 1762 231 1773 ’
315 1750 446 1822 Curubis,
460 1763 488 1808 et
502 1770 588 1827 poroo
602 1752 737 1821 bimestri,
801 1780 804 1791 ,
854 1768 857 1782 ¹

355 1829 431 1888 Cum
446 1830 557 1887 famulis
565 1849 688 1906 operum
702 1825 807 1889 solutis.

464 2008 752 2031 ——ss—

507 2120 601 2205 'one
614 2147 701 2224 xm.

510 2284 550 2322 Ab
572 2285 705 2325 FAUNUM.

277 2381 395 2455 Funus,
409 2381 606 2460 Nympharum
620 2384 779 2462 fugientum
793 2397 899 2445 ametor

276 2461 330 2520 Per
344 2481 422 2521 meos
435 2462 506 2521 fines
520 2474 548 2520 et
561 2465 657 2540 eprioa
670 2484 736 2523 rurs
829 2483 830 2486 ’

276 2541 364 2600 Lenis
377 2542 503 2615 inoedns,
517 2543 656 2619 abeasque
671 2545 762 2620 parvis

472 2622 582 2697 AEquus
596 2624 733 2681 alumnis:

278 2699 309 2755 Si
322 2709 401 2756 tener
414 2699 497 2774 pleno
511 2703 587 2758 eadit
603 2704 700 2760 haedus
714 2722 798 2777 anno,

276 2777 369 2853 Larga
382 2796 436 2834 neo
450 2779 552 2836 desunt
566 2781 687 2837 Veneris
701 2783 790 2838 sodali

277 2857 353 2914 Vina
367 2868 491 2927 cratere,
506 2869 584 2914 vetus
598 2878 646 2914 ara
660 2859 749 2916 multo

467 2935 571 3009 Fumat
583 2937 676 2995 odore.

277 3013 365 3073 Ludit
378 3017 496 3074 herboso
511 3035 597 3092 penus
609 3035 694 3074 omne
709 3034 819 3092 eampo,

276 3093 376 3165 Quum
390 3096 442 3152 tibi
455 3096 548 3168 Nonae
561 3099 680 3155 redeunt
694 3095 883 3154 Decembres:

279 3171 381 3229 Festus
395 3175 424 3230 in
438 3177 524 3248 pretis
538 3187 617 3233 vaoat
629 3177 723 3234 otioso
758 3214 761 3221 ‚
861 3192 864 3197 ’

473 3251 547 3308 Cum
562 3255 631 3311 bove
644 3272 749 3332 pagus:

280 3327 358 3385 Inter
372 3331 493 3387 audaces
507 3331 589 3406 lupus
602 3347 676 3392 errat
690 3352 793 3410 agnos:
844 3364 858 3379 -·

281 3409 394 3484 Spargit
408 3422 530 3484 agrestes
544 3411 594 3468 tibi
608 3413 676 3471 silva
690 3413 819 3471 frondes:

236 3524 242 3537 -
280 3488 394 3547 Gaudet
407 3491 524 3547 invisam
537 3491 676 3566 pepulisse
690 3493 776 3550 fossor

476 3568 535 3626 Ter
548 3571 620 3644 pede
631 3582 743 3630 terram.

900 2433 909 2460 ἲ
