2444 4216
471 201 535 251 Ans
553 201 708 252 Pontici.

235 316 250 340 O

129 347 194 412 Qui
206 347 308 420 nescit,
322 365 418 405 versus
431 356 526 405 tamen
540 348 626 405 audet
638 347 746 424 fingere
758 348 937 412 !—Quidnil

132 427 218 487 Liber
231 439 261 485 et
274 427 423 503 ingenuus,
437 427 592 503 praesertim
605 446 710 485 census
722 440 880 502 equestrem

133 509 281 566 Summam
295 524 483 577 nummorum,
498 506 619 581 vitioque
633 518 757 564 remotus
771 508 806 564 ab
819 510 946 566 omni.-

133 585 182 644 Tu
196 585 266 643 nibil
280 585 367 643 inviti
376 584 455 642 dices
470 584 591 642 faciesve
605 583 752 656 Minervii;

134 665 169 722 Id
182 665 233 722 tibi
244 664 382 742 judicium
395 675 447 736 est,
461 682 495 720 ea
508 682 605 721 mens:
626 664 650 720 si
664 666 731 739 quid
745 676 839 724 tamen
853 667 920 725 olim

136 743 295 820 Scripseris,
309 743 339 801 in
353 741 435 801 Metii
450 743 604 800 descendat
615 743 718 819 judicis
732 763 823 817 aures,

135 823 172 881 Et
184 823 279 898 patris,
294 834 323 880 et
337 832 462 892 nostras;
484 840 645 897 nouumque
658 835 800 897 prematur
815 825 844 882 in
859 845 973 884 annum.

135 901 309 961 Membrnnis
324 903 399 960 intus
408 901 515 976 positis,
527 901 620 958 delere
631 901 727 959 licebit

134 981 221 1045 Quod
232 1002 289 1040 non
304 980 442 1050 edideris;
463 980 555 1037 nescit
567 1001 621 1039 vox
633 981 720 1038 missa
733 981 841 1038 reverti.

173 1062 321 1118 Silvestres
334 1060 463 1117 homines
476 1078 555 1117 sacer
568 1060 760 1135 interpresque
775 1061 890 1118 deorum

135 1139 271 1197 Caedibus
285 1150 313 1197 et
326 1139 402 1197 victu
417 1138 491 1197 foedo
505 1139 640 1196 deterruit
654 1138 803 1213 Orpheus;

135 1219 238 1277 Dictus
251 1219 288 1277 ob
301 1219 355 1276 hoc
368 1218 457 1275 lenire
471 1218 557 1293 tigres
571 1217 738 1291 rabidosque
751 1218 863 1275 leones:

136 1298 239 1356 Dictus
252 1309 281 1355 et
294 1295 449 1373 Amphion,
461 1294 609 1353 Thebans:
620 1295 749 1353 conditor
763 1297 845 1369 arcis,

137 1379 212 1435 Saxa
224 1394 335 1435 movere
349 1394 418 1433 sono
431 1375 590 1447 testudinis,
605 1386 634 1433 et
645 1393 730 1451 prece
744 1376 848 1433 blandi

136 1456 251 1514 Ducere
264 1453 320 1532 qud
335 1455 425 1512 vellet.
465 1453 533 1511 Fuit
546 1455 608 1512 lraec
622 1455 759 1530 sapientia
772 1456 923 1530 quondam,

136 1535 255 1592 Publica
268 1533 382 1610 privatis
393 1546 553 1606 secernere,
568 1554 649 1591 sacra
661 1535 793 1610 profanis,

137 1613 298 1672 Concubitu
311 1612 458 1689 prohibere
473 1632 553 1689 vago,
567 1614 635 1671 dare
645 1613 709 1689 jura
723 1614 838 1688 maritis,

136 1692 250 1769 Oppida
264 1693 364 1764 moliri,
378 1693 456 1768 leges
469 1692 595 1750 incidere
608 1693 694 1769 ligno.

138 1773 189 1830 Sic
202 1774 290 1831 honor
303 1784 332 1830 et
345 1790 448 1830 nomen
462 1771 564 1829 divinis
577 1773 687 1830 vatibus
700 1784 782 1847 atque

137 1851 319 1909 Carminibus
332 1851 416 1909 venit.
456 1851 524 1913 Post
538 1852 588 1909 bos
603 1853 722 1927 insignis
736 1852 878 1909 Homerus

138 1929 324 2006 Tyrtaeusque
337 1949 428 1988 mares
441 1931 550 1989 animos
561 1931 591 1988 in
605 1929 709 1988 Martia
723 1931 796 1987 bella

137 2010 273 2068 Versibus
287 2010 414 2079 exacuis
435 2011 519 2067 dicta:
529 2029 578 2086 per
589 2011 716 2066 carmina
729 2020 833 2078 sortes3

138 2089 176 2147 Et
189 2090 251 2147 vitae
265 2100 418 2149 monstrata
431 2090 476 2147 via
489 2099 549 2157 est;
570 2099 598 2145 et
612 2087 702 2163 gratia
715 2106 815 2164 regum

138 2169 238 2227 Pieriis
251 2164 358 2227 tentata
371 2169 477 2237 modis;
500 2167 638 2242 ludusque
652 2178 788 2244 repertus,

138 2247 176 2307 Et
188 2248 335 2324 longorum
348 2266 464 2323 operum
479 2243 562 2304 finis:
583 2266 619 2304 ne
634 2245 704 2305 forte
717 2247 819 2324 pudori

139 2328 182 2385 Sit
197 2328 247 2385 tibi
259 2326 343 2385 Musa
357 2328 423 2402 lyrae
437 2327 534 2399 solers,
549 2337 579 2384 et
590 2339 688 2385 cantor
702 2327 814 2402 Apollo.
909 2344 912 2352 ·

177 2406 206 2462 N
209 2407 289 2465 aturti
302 2407 382 2465 fieret
394 2406 534 2464 laudabile
547 2425 673 2477 carmen,
687 2425 724 2463 nn
739 2417 808 2476 arte,

137 2485 297 2547 Quaesitum
312 2497 363 2543 est.
404 2485 466 2560 Ego
479 2504 535 2542 neo
547 2485 672 2542 studium
686 2485 747 2541 sine
761 2483 847 2540 divite
861 2484 942 2555 vend,

139 2563 204 2621 Nec
217 2565 287 2621 rude
300 2564 368 2639 quid
381 2563 468 2639 possit
481 2563 563 2620 video
576 2562 742 2638 ingenium:
763 2562 877 2620 alterius
890 2563 933 2620 sio

140 2641 239 2699 Altera
251 2643 342 2717 poscit
354 2659 436 2716 opem
451 2659 505 2712 res,
519 2652 548 2698 et
558 2641 687 2717 conjurat
700 2638 801 2698 amicti.

118 2720 200 2783 ‘Qui
214 2722 307 2778 studet
321 2730 444 2795 optatam
458 2738 542 2777 cursu
556 2721 721 2796 contingere
734 2732 848 2792 metam,

140 2799 232 2857 Multa
242 2801 305 2858 tulit
319 2799 440 2874 fecitque
453 2818 538 2875 puer;
560 2800 669 2857 sudavit
683 2811 711 2857 et
725 2800 803 2869 alsit;

143 2879 288 2938 Abstinuit
300 2879 413 2936 Venere
427 2889 456 2936 et
468 2878 549 2937 vino:
569 2880 617 2954 qui
632 2879 733 2954 Pythia
746 2889 842 2936 cantat

139 2958 273 3032 Tibicen,
287 2958 387 3018 didicit
400 2954 487 3033 priris,
500 2959 684 3033 extimuitque
697 2959 870 3033 magistrum.

140 3037 203 3096 Nec
217 3036 285 3096 satis
299 3047 342 3096 est
355 3036 475 3094 dixisse:
516 3042 534 3068 “
550 3036 612 3114 Ego
625 3038 697 3094 mira
710 3041 841 3112 pobmma
854 3056 965 3114 pango:

139 3117 269 3195 Occupet
284 3128 441 3175 extremum
455 3116 581 3186 scabiem
602 3116 672 3173 mihi
685 3127 766 3192 turpe
779 3117 899 3193 relinqui
913 3127 965 3190 est,

141 3195 188 3268 Et,
201 3198 274 3272 quod
288 3217 346 3256 non
357 3195 454 3268 didici,
469 3193 538 3253 saud
553 3196 664 3253 nescire
678 3196 785 3253 fateri.''

179 3274 218 3333 Ut
229 3294 322 3349 praeco
332 3277 368 3334 ad
383 3293 492 3333 merces
505 3275 615 3333 turbam
625 3276 673 3350 qui
687 3276 763 3351 cogit
776 3278 919 3351 emendas,

141 3356 338 3412 Assentatores
349 3355 429 3430 jubet
442 3353 477 3412 ad
491 3354 601 3412 lucrum
616 3355 656 3412 ire
668 3358 753 3432 poeta

141 3433 229 3491 Dives
241 3434 326 3509 agris,
340 3434 418 3491 dives
431 3434 529 3511 positis
542 3434 572 3492 in
587 3434 692 3493 foenore
706 3435 838 3492 nummis.

143 3512 175 3571 si
189 3508 254 3569 vero
265 3522 308 3569 est
320 3522 442 3570 unctum¹
450 3514 497 3589 qui
510 3512 589 3572 rectd
599 3533 704 3590 ponere
715 3514 810 3588 possit,

143 3590 180 3651 Et
193 3591 331 3667 spondere
343 3590 397 3648 levi
411 3611 461 3668 pro
474 3612 607 3670 paupere,
620 3605 649 3651 et
661 3593 769 3667 eripere
783 3592 850 3652 atris

143 3670 254 3730 Litibus
268 3669 445 3746 implicitum,
457 3673 579 3731 mirabor
593 3673 617 3731 si
627 3672 698 3729 sciet
711 3671 798 3730 inter·
