2444 4216
421 190 620 242 ciburrium
637 192 703 241 tm.
720 192 770 242 ΠΙ.

372 334 463 393 Velox
476 345 571 393 mente
584 334 678 393 novhl
709 335 849 398 Quibus

217 415 318 473 Antris
330 413 571 490 egregii'Caesaris
585 415 683 472 audiar

374 493 525 550 AEternum
539 495 679 551 meditans
693 493 780 552 dooun

219 572 313 630 stellis
326 571 450 629 inserere
463 583 492 629 et
505 572 623 630 oonsilio
635 572 731 630 Jovisl

375 650 477 707 Dicam
492 649 613 725 insigne,
627 670 737 724 recens,
751 653 845 711 adbuo

217 730 362 788 Indiotum
375 749 424 787 ore
439 729 501 787 alio.
535 728 602 787 Non
616 748 699 786 secus
714 730 743 787 in
754 731 830 808 jugie

374 807 525 868 Exsomnis
539 818 632 884 stupet
646 807 739 880 Euius,

121 898 124 933 ἰ
218 888 347 947 Hebrum
359 888 545 964 prospiciens„
556 899 585 945 et
599 889 663 945 nive
677 888 828 946 candidam

374 967 518 1039 Thraoen,
532 986 566 1024 ao
578 969 650 1043 pede
665 968 783 1026 barbaro

217 1047 376 1105 Lustrntam
390 1047 558 1122 Rhodopen.
595 1046 633 1104 Ut
646 1047 715 1103 mihi
729 1047 811 1105 devio

342 1136 344 1141 ⁴
375 1127 466 1202 Ripae
480 1138 509 1183 et
524 1145 642 1182 vaouum
657 1145 759 1183 nemus

218 1204 318 1264 Mirari
329 1205 413 1263 libet!
449 1205 476 1262 Ο
491 1203 636 1260 Naiadum
650 1214 760 1277 potens,

376 1284 608 1357 Baccharumque
622 1282 775 1339 valentium

217 1364 353 1422 Prooeras
367 1361 497 1418 manibus
511 1371 616 1418 vertere
630 1360 768 1418 fraxinos!

375 1439 425 1497 Nil
439 1459 564 1516 parvum,
579 1450 627 1497 aut
641 1440 739 1498 humili
753 1440 847 1514 modo,

170 1508 180 1543 ⁸
217 1520 268 1580 Nil
282 1520 398 1578 mortale
411 1519 515 1594 loquar.
550 1518 642 1577 Duloe
655 1521 826 1596 perieulum,

373 1598 402 1656 0
416 1599 530 1670 Leone,
545 1600 623 1674 sequi
637 1600 722 1656 deum

217 1680 388 1756 (lingentem
402 1679 483 1736 viridi
497 1688 621 1754 tempora
634 1680 782 1755 pampinol

503 1994 587 2052 ODE
600 1995 670 2054 XX.

478 2132 518 2170 An
538 2133 693 2172 VENEREM.

256 2234 328 2293 Vm
342 2231 452 2290 choreis
466 2251 556 2308 nuper
570 2233 698 2308 idoneus,

256 2313 294 2371 Et
306 2312 422 2370 militavi
436 2331 493 2369 non
507 2312 570 2369 sine
582 2313 688 2388 gloria:

295 2392 363 2450 Nur
376 2439 383 2449 .
397 2410 475 2449 arma
488 2391 709 2467 defunctumque
724 2391 796 2450 bello

326 2471 466 2528 'Barbiton
481 2470 528 2527 hio
540 2471 633 2545 paries
643 2470 767 2540 habebit,

151 2594 169 2601 ..
256 2548 372 2607 Laevum
386 2550 501 2604 marinae
519 2549 566 2620 qui
581 2548 701 2603 Veneris
714 2547 788 2602 latus

257 2627 398 2687 Custodit.
440 2625 508 2695 Hic,
524 2625 571 2681 hio
583 2626 679 2700 ponite
692 2625 788 2682 lucida

297 2705 418 2763 Funalia
431 2714 460 2760 et
473 2714 567 2760 vectes
580 2714 609 2761 et
622 2723 705 2761 arouo

336 2783 481 2860 Oppositis
496 2783 599 2840 foribus
613 2785 747 2841 minaces.
792 2793 794 2797 ’

258 2866 287 2924 Ο
300 2883 361 2940 quae
377 2863 495 2934 beatam,
510 2863 583 2936 diva,
598 2875 678 2922 tenes
692 2863 829 2939 Cyprum,
841 2873 871 2920 et

257 2940 405 3020 Memphin
420 2953 563 2999 carentem
578 2943 710 2999 Sithonia
724 2942 798 3012 nive,

295 3022 419 3098 Regina,
435 3020 546 3076 sublimi
561 3019 671 3095 flagello
839 3032 864 3091 x

334 3100 438 3176 Tange
452 3099 564 3156 Chloen
578 3099 666 3156 semel
680 3109 865 3178 arrogantem.

496 3414 579 3473 ODE
593 3416 677 3475 XXI.

469 3555 510 3595 Ar>
531 3554 699 3594 autunum·

139 3695 143 3702 -
258 3654 362 3714 Immon
375 3674 463 3731 parrae
476 3655 630 3713 recinentis
641 3673 725 3713 omen

258 3733 363 3806 Duoet,
376 3746 405 3791 et
416 3752 566 3811 pregnans
578 3733 667 3807 oanis,
681 3744 730 3793 out
742 3733 779 3792 ab
791 3751 859 3809 agro
