2444 4216
162 189 218 249 134
477 185 508 242 Q.
527 181 670 231 nondun
687 181 809 231 nuncet

200 327 323 387 [luctum
335 329 398 386 oleo
410 327 487 402 largo
500 326 583 382 nudis
594 325 720 382 humeris
733 326 797 383 tulit
810 326 915 396 haeres;
1087 329 1137 392 ,75

199 408 315 466 Scilicet
328 405 434 464 elabi
413 425 436 462 ει
451 415 543 480 posset
556 413 674 475 mortua,
688 405 782 476 credo,

197 485 287 549 Quod
301 483 418 543 nimium
433 483 571 541 institerat
584 483 695 541 virenti.
735 482 845 543 Cautus
858 484 950 545 adito.

199 566 265 624 Neu
279 566 353 622 desis
365 581 465 638 operar,
477 581 547 620 neve
562 562 760 635 immoderatus
774 563 908 623 abundes.

198 645 349 703 Difficilem
362 654 392 700 et
400 660 541 700 morosum
555 641 679 703 offendet
684 641 837 717 garrulus:
859 641 944 699 ultra

198 724 264 782 Non
279 723 363 780 etiam
377 721 467 778 sileas.
508 719 639 777 Davus
617 739 656 777 ers
669 721 794 778 comicus
796 732 901 810 ,atque
1096 722 1135 780 80

199 804 262 860 Stes
276 802 367 878 capite
381 800 499 875 obstipo,
514 795 633 857 multrim
648 799 746 871 similis
760 799 922 863 metuenti.

197 880 341 963 Obsequio
350 898 496 975 grassare:
518 897 611 950 morte,
625 898 648 934 sr
641 866 802 936 increbuit
815 898 892 950 aura,

198 953 314 1017 Cautus
320 956 360 1016 uti
376 959 447 1016 velet
461 975 558 1014 carum
572 968 672 1034 caput:
692 958 807 1021 extrahe
821 958 912 1029 turba,

197 1038 340 1115 Oppositis
354 1037 495 1097 humeris:
517 1055 613 1097 aurem
627 1037 786 1146 substringe
800 1005 918 1112 loquaci

197 1117 379 1193 Importunas
392 1116 607 1175 amatlaudaril
627 1116 757 1186 donec‚“
770 1115 852 1181 Ohel
872 1117 966 1193 j”aml
1093 1116 1132 1175 85

198 1197 245 1254 Ad
259 1197 361 1254 coeium
376 1195 505 1257 manibus
519 1194 645 1266 sublatis,
660 1195 770 1266 dixerit,
785 1215 871 1271 urge;
892 1207 921 1254 et

198 1276 381 1334 Crescentem
395 1274 510 1333 tumidis
523 1273 590 1331 inlla
604 1274 779 1332 sermonibus
792 1286 890 1333 utrem.
916 1295 918 1300 ⁴

199 1355 298 1416 Quum
313 1366 340 1411 te
354 1354 465 1411 servitio
477 1353 561 1429 longo
575 1353 700 1428 curaque
712 1353 830 1423 lerdrit;

197 1433 235 1491 Et
248 1431 357 1492 certium
371 1433 497 1507 vigilans,
509 1436 527 1462 “
540 1432 658 1493 Quarta
671 1443 732 1489 esto
745 1433 830 1508 partis
844 1432 984 1507 Ulysses,''

199 1513 342 1584 Audieris,
352 1516 369 1541 ‘⁴
385 1513 473 1568 haeres
482 1512 498 1537 ''
510 1531 516 1567 :
528 1515 555 1582 „“
567 1510 642 1586 Ergo
655 1530 732 1568 nunc
746 1511 837 1573 Dama
851 1512 954 1569 sodalis
1095 1513 1135 1570 90

195 1589 227 1646 ,N
230 1610 345 1666 usquam
358 1592 418 1647 estl
436 1591 509 1646 unde
524 1590 592 1646 mibi
607 1599 664 1652 tarn
679 1590 777 1648 sortem
790 1603 902 1666 tamque
916 1590 1027 1649 fidelem
1037 1591 1068 1648 l''

198 1671 304 1745 Sparge
318 1669 453 1745 subinde:
474 1680 511 1740 et,
525 1669 548 1725 si
560 1666 674 1744 paultim
687 1681 775 1745 potes,
787 1670 970 1744 illacrymare.
1012 1669 1064 1728 Est

197 1749 309 1807 Gaudia
323 1749 485 1824 prodentem
501 1747 605 1804 vultum
621 1748 721 1806 celare.
763 1749 938 1824 Sepulcrum,

200 1827 373 1885 Permissum
388 1828 509 1898 arbitrio,
524 1827 584 1883 sine
598 1827 726 1883 sordibus
740 1841 866 1886 exstrue:
888 1828 972 1887 sunus

199 1904 321 1982 Egregie
336 1907 438 1964 lactum
453 1906 548 1963 laudet
562 1905 673 1982 vicini-a.
715 1907 746 1962 Si
760 1908 821 1981 quis
1093 1908 1133 1965 95

200 1983 284 2043 Forte
299 1986 478 2045 coheredum
491 1986 584 2043 senior
597 1983 671 2043 male
686 1987 793 2057 tussim,
808 1986 874 2057 huic
888 1996 918 2043 tu

199 2064 265 2134 Dic,
279 2084 314 2120 ex
324 2076 401 2139 parte
416 2065 474 2136 tud,
489 2084 539 2122 seu
554 2064 634 2121 fundi
647 2065 704 2122 sive
718 2065 816 2122 domris
830 2065 866 2121 sit

200 2142 324 2216 Emptor,
338 2144 507 2218 gaudentem
522 2162 637 2200 numme
648 2157 675 2202 te
689 2145 826 2202 addicere.
869 2144 926 2200 Sed
940 2162 985 2200 me

199 2219 353 2301 Imperiosa
365 2221 450 2281 trahit
460 2220 642 2297 Proserpina:
664 2223 734 2295 rive,
749 2224 871 2299 valeque.

461 2623 463 2629 ,
538 2574 699 2637 SATIRA'
707 2575 758 2635 VI.

200 2698 266 2756 Hoc
279 2706 338 2754 erat
351 2697 381 2753 in
394 2696 480 2753 rotis:
500 2696 601 2752 modus
614 2696 673 2772 agri
688 2715 743 2753 non
759 2696 798 2753 ita
811 2714 939 2770 magnus,

200 2778 308 2834 Hortus
322 2776 379 2847 ubi,
393 2786 421 2832 et
434 2786 509 2833 tecto
523 2775 632 2849 vicinus
643 2775 718 2850 jugis
732 2794 809 2850 agrrae
824 2775 894 2846 lons,

199 2855 237 2913 Et
251 2856 363 2932 paulum
377 2855 451 2911 silvae
466 2872 549 2930 super
563 2854 606 2910 his
620 2854 697 2911 soret.
739 2850 861 2911 Auctibs
871 2866 953 2931 atque

199 2933 236 2990 Di
251 2932 352 2993 melitis
366 2932 479 2992 iecere:
500 2933 571 2994 bene
586 2944 636 2993 est
677 2932 756 2990 Nihil
768 2932 885 3008 amplius
898 2953 956 3006 ore,
979 2980 981 2985 .

199 3009 277 3068 Mairl
291 3026 366 3086 nate,
380 3013 433 3071 nisi
445 3025 476 3071 ut
488 3012 598 3088 propria
612 3013 673 3070 haee
686 3013 755 3071 mihi
768 3030 885 3069 munera
897 3013 977 3071 saxia.
1113 3016 1133 3072 5

200 3091 230 3146 Si
244 3110 335 3166 neque
349 3093 481 3168 majorem
496 3092 551 3153 feci
563 3093 672 3154 ratione
685 3092 758 3150 mala
766 3111 840 3164 rem,

199 3166 261 3225 Nec
276 3189 337 3225 sum
352 3170 475 3228 facturus
489 3171 555 3228 vitio
569 3173 686 3252 culpare
700 3173 851 3240 minorem3

200 3247 231 3303 Si
245 3265 277 3303 ιι
279 3266 359 3305 neror
373 3249 473 3306 stultus
486 3249 555 3305 nibil
570 3248 697 3322 Ιιοιιιιιι,ί
700 3250 779 3307 ‘O
758 3270 783 3308 sr
796 3249 915 3326 angulus
929 3247 979 3308 ille

199 3326 346 3383 Proximus
359 3327 475 3383 accedat
478 3327 546 3400 ‚qui
560 3346 637 3385 nunc
651 3331 796 3387 denormat
809 3330 945 3405 agelluml

198 3404 261 3460 Ο
240 3424 264 3462 sr
278 3424 374 3462 urnam
390 3406 496 3480 argenti
511 3405 566 3462 sors
576 3426 638 3480 qua
652 3408 720 3467 mihi
734 3411 883 3466 monstret!
905 3421 937 3467 ut
949 3408 1047 3482 illi,
1096 3410 1131 3467 10

199 3483 367 3543 Thesauro
360 3496 482 3557 invento,
496 3485 542 3559 qni
557 3487 746 3544 mercenarius
759 3506 857 3561 agrum

200 3562 304 3628 Illum
298 3583 387 3639 rpsum
401 3579 541 3623 mercatus
555 3564 650 3634 aravit,
664 3564 741 3622 dives
753 3567 844 3624 amico

199 3641 324 3701 Hercule
334 3644 362 3713 ;”
381 3663 404 3701 sr
396 3643 494 3734 quod
505 3642 584 3704 adest
597 3654 708 3720 gratum
718 3644 810 3727 juvat:
831 3646 886 3704 hdc
898 3665 984 3722 prece
997 3657 1025 3706 te
1037 3665 1098 3719 oro,

199 3720 308 3798 Pingue
320 3742 408 3799 pecus
420 3718 535 3785 domino
547 3723 643 3796 facias,
657 3733 686 3782 et
698 3735 809 3798 cetera,
822 3736 932 3802 preter
