2444 4216
387 209 629 260 EPISTULARUM
648 209 712 257 Llll.
730 211 751 258 Ι.
769 213 807 259 tu.
1015 215 1066 272 161

140 353 372 428 Prmteragendus
385 370 489 426 equm:
511 356 529 383 ‘¹
538 349 607 412 Quo
621 352 734 409 tendisl
753 372 809 410 non
824 354 893 411 mibi
907 353 1012 413 cuman

141 433 193 490 Est
207 432 268 502 iter,
283 444 330 488 aut
343 432 452 502 Baias,'’
468 430 537 487 taevt
550 432 741 490 stomachosus
755 432 865 489 habent

141 510 226 567 Dicet
240 529 339 584 eques:
360 511 409 567 sed
422 510 501 585 equis
515 510 630 567 fraenato
643 521 685 566 est
698 511 772 567 euris
786 512 816 568 in
828 530 877 569 ore
886 511 908 592 z)

141 588 232 664 Major
246 602 337 646 utrum
350 590 482 664 populum
498 588 629 646 frumenti
643 590 723 663 copia
736 601 846 665 pascat3

141 668 318 724 collectosne
333 669 428 725 bibant
441 668 553 735 imbres,
567 679 701 741 puteosne
714 687 854 742 perennes
1034 669 1071 726 15

141 744 158 801 J
162 747 223 822 ugis
237 765 330 821 equae:
353 746 433 818 (nam
449 747 513 802 vina
526 745 595 801 nihil
611 765 700 803 moror
714 746 787 803 illius
799 766 871 805 orae:

140 824 220 881 Rure
235 844 296 882 meo
309 845 421 901 possum
436 825 544 899 quidvis
557 825 678 899 perferre
691 825 821 899 patique3

141 904 187 959 Ad
201 922 277 960 mare
290 923 377 978 quum
392 905 466 974 veni,
480 922 645 978 generosum
659 915 687 960 et
701 905 765 960 lene
779 904 897 978 requiro,

139 981 226 1043 Quod
240 1002 322 1038 curas
336 983 439 1057 abigat,
454 982 606 1056 quodcum
621 1003 669 1057 spe
684 982 768 1039 divite
782 993 876 1039 manet
951 1001 958 1020 ·

140 1058 174 1116 In
189 1080 273 1117 venas
287 1062 469 1135 animumque
482 1080 584 1130 meum,
598 1063 672 1135 quod
686 1062 769 1117 verba
782 1061 943 1140 ministret)
1032 1064 1072 1136 20

139 1139 262 1195 Tractus
276 1152 335 1196 uter
349 1140 442 1215 plures
456 1141 571 1214 lepores,
587 1152 647 1195 uter
661 1140 762 1195 educet
775 1159 872 1215 apros;
1033 1136 1034 1140 ¹

139 1217 208 1274 Utra
222 1215 310 1293 magis
323 1220 415 1293 pisces
428 1230 456 1273 et
469 1219 585 1273 echinos
599 1236 709 1291 aequora
722 1218 815 1274 celent
823 1238 830 1286 ;

139 1295 256 1371 Pinguis
265 1309 300 1352 ‘ut
314 1297 379 1352 inde
394 1296 507 1352 domum
521 1295 623 1369 possim
640 1296 795 1368 Phaeaxque
811 1299 928 1356 reverti:

140 1376 268 1431 Scribere
282 1388 310 1430 te
324 1374 414 1443 nobis,
428 1373 478 1430 tibi
493 1392 543 1429 nos
556 1375 714 1445 accredere,
728 1393 778 1449 par
792 1387 842 1432 est.

178 1452 310 1522 Maenius,
326 1464 364 1522 ut,
378 1452 462 1508 rebus
475 1452 607 1508 maternis
621 1465 703 1527 atque
717 1455 840 1528 paternis
881 1493 884 1500 ι

139 1531 261 1588 Fortiter
275 1531 436 1606 absumptis,
449 1532 571 1587 urbanus
586 1532 670 1606 coepit
681 1532 786 1604 haberi,

141 1611 245 1666 Scurra
258 1628 353 1685 vagus,
368 1629 424 1666 non
439 1610 486 1684 qui
500 1621 606 1666 certum
621 1628 744 1684 praesepe
758 1622 874 1686 teneret,

140 1687 303 1763 Impransus
317 1708 373 1745 non
387 1689 434 1762 qui
448 1690 538 1744 civem
552 1689 729 1763 dignosceret
742 1690 830 1762 hoste,

138 1766 281 1828 Quaelibet
294 1767 324 1825 in
339 1767 463 1842 quemvis
476 1769 623 1842 opprobria
637 1768 742 1843 fingere
756 1787 854 1842 saevus,

138 1845 281 1902 Pernicies
295 1857 324 1902 et
336 1857 485 1921 tempestas
501 1847 712 1921 barathrumque
728 1849 846 1919 macelli,

138 1924 285 1998 Quidquid
299 1926 454 2000 quaesierat,
470 1926 557 1982 ventri
572 1926 694 1983 donabat
708 1944 797 1982 avaro.

139 2003 206 2075 Hic,
222 2004 268 2060 ubi
283 2004 414 2079 nequitiae
429 2004 581 2061 fautoribus
595 2015 623 2060 et
636 2004 741 2060 timidis
755 2004 793 2059 nil
813 2057 818 2064 ,

138 2083 197 2139 Aut
210 2083 323 2157 paulum
338 2082 497 2153 abstulerat,
511 2082 620 2157 patinas
634 2082 763 2138 coenabat
775 2083 874 2158 omasi,

137 2162 208 2218 Vilis
222 2174 250 2218 et
263 2163 383 2237 agninae,
398 2161 486 2217 tribus
500 2161 572 2217 ursis
585 2162 657 2235 quod
672 2158 738 2218 satis
751 2173 840 2232 esset3

139 2241 257 2298 Scilicet
271 2253 301 2297 ut
314 2252 424 2296 ventres
437 2239 531 2297 lamna
545 2242 683 2298 candente
697 2252 830 2316 nepotum

137 2318 252 2376 Diceret
266 2321 395 2391 urendos,
410 2327 551 2378 corrector
564 2321 686 2381 Bestius.
731 2320 810 2377 ldem

135 2398 283 2472 Quidquid
296 2409 356 2454 erat
369 2410 468 2455 nactus
482 2401 581 2473 praedae
597 2400 716 2473 majoris,
730 2399 778 2453 ubi
791 2417 875 2455 omne

136 2477 265 2533 Verterat
279 2478 307 2532 in
324 2477 429 2532 fumum
443 2489 471 2532 et
485 2478 619 2545 cinerem,
634 2475 728 2532 “Non
743 2473 857 2532 hercule
873 2476 983 2550 miror‚”

137 2556 249 2623 Aiebat,
265 2555 316 2608 “si
331 2556 378 2627 qui
392 2556 543 2610 comedunt
557 2556 638 2623 bona,
652 2572 738 2626 quum
752 2556 787 2609 sit
800 2554 884 2611 obeso

136 2632 187 2689 Nil
203 2632 301 2687 melius
315 2633 405 2701 turdo,
422 2632 459 2687 nil
475 2633 555 2704 vulva
568 2632 711 2706 pulchrius
725 2632 844 2706 amplti.''

136 2711 280 2768 Nimirum
296 2711 342 2766 hic
357 2728 410 2784 ego
423 2728 501 2777 sum;
523 2729 587 2766 nam
603 2722 661 2766 tuta
674 2722 702 2766 et
716 2711 828 2786 parvula
842 2710 937 2784 laudo,

135 2791 235 2851 Quum
250 2809 294 2845 res
308 2789 451 2859 deliciunt,
466 2787 532 2846 satis
547 2790 618 2846 inter
631 2789 695 2847 vilia
709 2790 801 2846 fortis:

135 2865 253 2940 verbm,
268 2868 315 2924 ubi
329 2868 395 2942 quid
410 2868 509 2925 melius
522 2869 659 2944 contingit
672 2879 701 2926 et
714 2869 835 2940 unctius,
850 2869 924 2926 idem

137 2949 196 3005 Vos
209 2967 305 3022 sapere
320 2960 348 3003 et
361 2947 434 3004 solos
448 2947 492 3004 aio
505 2949 576 3005 bene
591 2949 692 3017 vivere,
705 2966 823 3022 quorum

137 3027 315 3103 Conspicitur
329 3026 424 3083 nitidis
438 3026 554 3084 fundata
568 3027 689 3102 pecunia
703 3025 783 3082 villis.

432 3378 630 3439 EPISTOLA
650 3379 732 3440 xvl.

468 3538 507 3576 An
519 3537 694 3582 eumenium.

134 3660 163 3718 N
168 3681 183 3716 e
197 3657 377 3735 perconteris,
392 3657 493 3714 fundus
505 3677 594 3728 meus,
607 3635 710 3730 optime
720 3654 849 3729 Quincti,

134 3741 211 3798 Arvo
224 3747 320 3814 pascat
333 3737 440 3806 herum,
452 3755 487 3793 an
502 3735 596 3792 baccis
608 3734 751 3809 opulentet
761 3735 853 3806 olivet,

369 3813 431 3872 14*

955 3888 1164 3978 fl
