2444 4216
345 209 587 260 EPISTULARUM
603 209 669 258 Lis.
686 210 720 260 ll.
736 215 761 263 2.

105 391 108 395 -
135 351 196 410 Des
209 371 347 426 nummos,
360 364 477 431 excepta
490 355 560 413 nihil
573 364 601 412 te
614 355 638 412 si
652 355 718 433 fuga
730 357 840 416 tadw’
879 382 882 388 ⁴

135 431 189 489 Ille
203 433 273 490 ferat
284 433 413 508 pretium,
426 452 516 509 poenae
530 451 655 507 securus,
668 437 773 511 opinor.

137 511 266 569 Prudens
279 511 371 569 emisti
384 511 528 580 vitiosum;
549 513 625 570 dicta
637 514 690 570 tibi
701 525 744 571 est
756 515 818 572 lex:

136 588 298 665 Insequeris
309 601 403 649 nmen
417 592 503 662 bunc,
517 602 546 647 et
559 591 606 648 lite
620 594 738 651 moraris
749 593 855 669 iniquit.

175 666 242 725 Dixi
255 687 300 724 me
312 669 423 744 pigrum
436 669 625 744 proficiscenti
638 670 698 742 tibi,
712 672 769 728 diri

137 745 257 803 Talibus
269 747 368 805 officiis
380 745 467 823 prope
481 766 614 804 mancum
626 768 633 816 3
655 767 691 805 ne
705 768 767 806 mea
779 769 870 807 saevus

84 887 88 897 ¹
136 824 267 902 Jurgares
281 827 316 883 ad
328 838 358 883 te
371 824 447 900 quod
461 827 577 901 epistola
585 826 667 883 nulla
682 829 794 886 veniret

135 903 214 965 Quid
227 916 287 962 tum
300 905 415 980 profeci,
429 923 539 961 mecum
554 905 686 962 facientia
695 907 759 983 jura

136 983 168 1040 Si
181 995 274 1041 tamen
288 985 427 1040 attentasl
466 983 604 1045 Quereris
616 1004 700 1060 super
713 987 767 1043 hoc
780 985 873 1057 etiam,
886 985 962 1061 quod

135 1060 303 1137 Exspectata
311 1063 363 1120 tibi
369 1081 426 1120 non
436 1063 544 1120 mittam
557 1065 683 1120 carmina
697 1065 826 1121 mendara
944 1068 945 1073 ’

171 1141 285 1199 'Luculli
299 1143 379 1199 miles
392 1141 510 1200 collecta
523 1142 623 1199 viatica
637 1144 731 1199 multis

135 1219 290 1292 AErumnis‚
301 1221 391 1277 lassus
404 1221 471 1277 dum
484 1231 572 1277 noctu
585 1221 683 1292 stertit,
697 1222 733 1277 ad
747 1240 837 1278 assem

134 1297 297 1357 Perdiderat
310 1320 315 1356 :
336 1309 398 1374 post
411 1300 465 1355 boc
479 1299 629 1356 vehemens
641 1299 733 1374 lupus,
747 1312 776 1357 et
789 1301 842 1359 sibi
856 1311 885 1357 et
898 1298 970 1358 hosti

135 1376 228 1435 Iratus
239 1379 352 1453 pariter,
363 1377 466 1452 jejunis
479 1378 611 1435 dentibus
622 1396 697 1450 acer,
936 1403 939 1409 ’

134 1455 301 1513 Praesidium
315 1457 407 1531 regale
420 1457 483 1513 loco
496 1456 609 1531 dejecit,
623 1459 756 1530 malunt,

135 1532 252 1592 Summe
267 1536 384 1607 munito,
396 1545 426 1592 at
439 1536 587 1592 multarum
601 1536 686 1593 divite
698 1555 804 1595 rerum

135 1613 236 1670 Clarus
248 1615 285 1671 ob
298 1614 326 1671 id
342 1613 455 1685 sactum,
470 1615 551 1671 donis
563 1626 677 1672 ornatur
690 1616 834 1684 lionestis;

135 1692 251 1767 Accipit
264 1703 292 1748 et
306 1693 347 1749 bis
361 1694 434 1749 dena
447 1712 530 1768 super
544 1695 670 1750 sestertia
682 1697 838 1753 nummum.

134 1769 219 1828 Forte
234 1773 286 1828 sub
299 1773 353 1828 boc
367 1783 477 1847 tempus
490 1773 633 1829 castellum
647 1786 771 1831 evertere
783 1785 885 1850 praetor

134 1848 241 1908 Nescio
254 1851 328 1924 quod
342 1851 469 1926 cupiens,
484 1852 586 1909 hortari
599 1854 684 1927 coepit
697 1855 818 1909 eundem

133 1928 235 1986 Verbis
248 1947 309 2004 quae
322 1929 419 1987 timido
428 1949 537 2005 quoque
549 1931 662 2005 possent
676 1932 779 1986 addere
793 1940 933 1986 ruentem:

134 2012 151 2038 ‘⁴
164 2007 188 2080 1,
204 2009 285 2080 bone,
298 2007 354 2083 qub
369 2009 454 2064 virtus
467 2021 515 2064 tua
528 2022 555 2065 te
570 2018 650 2064 vocat
658 2027 665 2076 ;
687 2009 697 2063 i
710 2009 780 2082 pede
795 2009 894 2079 fausto,
970 2027 975 2035 ’

133 2087 257 2144 Grandia
271 2088 377 2144 laturus
391 2088 550 2143 meritorum
563 2086 693 2160 praemia:
713 2087 779 2160 quid
793 2089 888 2145 stasl’¹

132 2166 198 2223 Post
212 2168 272 2223 haec
286 2166 331 2223 ille
345 2177 435 2236 catus,
447 2165 624 2239 quantumuis
637 2165 766 2237 rusticus,
775 2170 792 2196 “
807 2165 874 2238 Ibit,

133 2243 191 2301 Ibit
203 2243 238 2302 eb
251 2243 308 2320 qub
322 2245 372 2315 vis,
384 2245 433 2318 qui
448 2262 549 2300 zonam
562 2243 709 2319 perdidit,”
725 2244 824 2319 iuquit

171 2324 272 2381 Rome
286 2319 387 2380 nutriri
395 2323 464 2378 mihi
477 2323 604 2398 contigit,
618 2333 701 2397 atque
715 2324 809 2380 doceri

134 2400 225 2459 Iratus
238 2400 331 2459 Graiis
343 2398 479 2476 quantum
494 2402 635 2459 nocuisset
648 2401 795 2457 Achilles:

133 2480 274 2555 Adjecere
289 2482 367 2537 bonae
381 2480 465 2555 paulo
479 2480 541 2554 plus
555 2480 620 2535 artis
635 2480 754 2534 Athenae
762 2490 788 2547 ;'

134 2560 249 2615 Scilicet
262 2568 293 2613 ut
305 2575 414 2632 possem
428 2575 513 2613 curso
526 2558 690 2630 dignoscere
704 2568 822 2630 rectum,⁴

133 2639 228 2711 Atque
242 2636 315 2692 inter
328 2635 410 2691 silvas
425 2634 563 2690 Academi
575 2652 699 2707 quaerere
711 2653 816 2692 verum.

132 2715 212 2772 Dura
225 2717 273 2771 sed
287 2712 417 2770 emovere
431 2713 493 2769 loco
505 2731 552 2768 me
565 2723 689 2786 tempora
702 2725 796 2788 grato;

70 2835 74 2844 .
131 2794 284 2869 civilisque
297 2793 396 2849 rudem
410 2791 473 2848 belli
489 2791 551 2849 tulit
564 2803 648 2873 aestus
661 2791 691 2848 in
704 2810 791 2864 anua,
828 2836 830 2841 .

132 2873 252 2931 Caesaris
266 2871 388 2947 Augusti
402 2890 458 2940 non
470 2889 637 2946 responsura
649 2871 768 2928 lacertis
803 2907 816 2916 ·=
883 2914 886 2919 ,

131 2953 214 3010 Unde
227 2952 309 3015 simul
324 2947 446 3026 primurn
460 2969 504 3006 me
518 2948 652 3006 dimisere
664 2949 803 3025 Philippi,'
833 2988 835 2995 ι
872 2974 874 2980 ’

132 3032 243 3090 Decisis
258 3029 391 3088 humilem
405 3029 515 3104 pennis,
530 3030 695 3102 inopemque
708 3027 818 3102 paterni

132 3110 169 3168 Et
182 3113 248 3167 laris
261 3121 290 3167 et
304 3108 393 3179 fundi,
407 3117 554 3183 paupertas
568 3106 680 3180 impulit
690 3107 786 3164 audax'
921 3148 924 3153 -

130 3188 169 3246 Ut
184 3209 278 3247 versus
291 3189 412 3245 facerem
425 3205 431 3242 :
452 3186 502 3242 sed
515 3185 589 3260 quod
600 3203 656 3241 nou
670 3185 742 3242 desit
755 3185 905 3251 habentem
1000 3212 1003 3219 ·

130 3268 206 3330 Quae
219 3278 349 3344 poterunt
362 3283 484 3340 unquam
499 3263 566 3321 satis
579 3274 733 3339 expurgare
746 3264 857 3336 cicutae,
887 3298 892 3316 ι
948 3266 951 3299 ³
1001 3268 1003 3273 '

130 3345 170 3403 Ni
185 3345 285 3403 melius
299 3346 418 3403 dormire
431 3354 526 3421 putem
540 3341 623 3418 qudm
637 3344 760 3400 scribere
773 3345 886 3400 versus?

52 3480 55 3486 ι
169 3424 288 3500 Singula
301 3425 336 3479 de
349 3424 429 3480 nobis
443 3422 681 3498 auuipraedantur
694 3432 813 3490 euntes;
870 3426 873 3443 ²
930 3442 933 3447 ·

130 3500 268 3580 Eripuere
279 3502 367 3578 jocos,
380 3504 520 3574 venerem,
534 3501 670 3570 convitia,
683 3500 781 3557 ludum
790 3503 801 3567 3²
808 3516 811 3525 ·

129 3581 268 3640 Tendunt
281 3591 442 3654 extorquere
455 3585 602 3656 poemata:
622 3578 690 3653 quid
703 3577 805 3633 faciam
817 3577 878 3632 viat
935 3602 950 3613 -’

131 3660 261 3735 Denique
274 3677 330 3716 nou
343 3676 442 3716 omues
453 3660 552 3726 eadem
566 3658 702 3714 mirantur
714 3667 883 3729 amantque'.
972 3675 975 3679 ·

131 3739 266 3799 Carmine
279 3748 310 3796 tu
323 3736 445 3814 gaudes3
465 3738 511 3796 liic
526 3737 681 3795 delectatur
688 3733 794 3795 ‘iambis
798 3752 808 3805 3
822 3772 823 3777 κ
858 3736 876 3767 ‘·
