2444 4216
457 192 487 248 Q.
505 190 650 239 HORATII
668 189 791 239 FLACCI

289 335 416 394 Nubium
430 345 552 392 tractus:
573 353 636 410 ego,
650 333 710 410 apis
724 332 842 391 Matium

524 412 605 470 More
620 412 768 488 modoque,

289 494 376 552 Grata
388 493 530 569 carpentis
544 494 640 568 thyma
652 512 702 569 per
716 492 841 551 laborem

289 573 455 644 Plurimum,
469 573 547 629 circa
561 591 663 629 nemus
677 570 808 647 uvidique

290 651 406 710 Tiburis
420 652 494 728 ripas
507 670 624 728 operosa
637 670 740 727 parvus

524 731 659 789 Carmina
673 730 757 809 fingo.

289 811 433 869 concines
447 810 551 886 majore
564 814 649 886 poeta
661 810 769 886 plectro

290 890 442 962 Caesarem,
456 892 623 966 quandoque
637 892 729 947 trahet
742 890 849 947 seroces

290 969 344 1027 Per
355 989 467 1028 sacrum
481 970 593 1041 clivum,
607 970 708 1027 merita
721 970 841 1026 decorus

523 1046 647 1121 Fronde,
662 1049 824 1106 Sicambros
832 1067 840 1117 3

287 1128 358 1189 Quo
371 1128 441 1185 nihil
455 1128 546 1204 majus
560 1129 694 1185 meliusve
707 1127 789 1187 terris

290 1206 363 1265 Fata
376 1206 526 1280 donavere,
541 1208 662 1282 bonique
676 1207 742 1280 divi,

290 1287 356 1344 Nec
369 1288 486 1360 dabunt,
500 1287 627 1362 quamvis
641 1288 757 1345 redeant
771 1285 801 1343 in
815 1303 915 1344 aurum

526 1365 670 1441 Tempora
683 1366 815 1443 priscum.

291 1445 434 1502 Concines
448 1445 581 1518 laetcsque
595 1445 655 1502 dies
666 1456 694 1502 et
707 1444 791 1502 Urbis

292 1524 441 1581 Publicum
455 1525 563 1596 ludum,
578 1543 661 1601 super
676 1524 823 1602 impetrato

292 1590 385 1660 Fortis
399 1603 522 1679 Augusti
535 1604 637 1675 reditu,
652 1604 797 1679 forumque

526 1682 636 1740 Litibus
649 1684 758 1740 orbum.

291 1761 368 1819 Turn
383 1780 453 1818 meae
470 1760 506 1839 (si
520 1763 588 1837 quid
602 1763 698 1837 loquar
712 1762 899 1841 audiendum)

291 1841 378 1899 Vocis
392 1842 510 1898 accedet
524 1842 598 1898 bona
610 1861 690 1916 pars;
712 1853 750 1914 et,
763 1862 781 1899 ο
795 1841 844 1899 Sol

291 1920 430 1978 Pulcher!
451 1921 638 1978 olaudaude!
660 1940 771 1994 canam,
785 1930 899 1996 recepto

525 2000 638 2057 Caesare
653 2000 726 2058 felix.

291 2077 394 2152 Tuque
408 2079 476 2136 dum
490 2081 628 2156 procedis,
643 2084 661 2110 “
671 2078 706 2139 Io
719 2079 859 2156 triumphe
869 2078 894 2136 l”

291 2155 358 2214 Non
372 2158 458 2213 semel
472 2158 610 2231 dicemus
625 2164 643 2191 “
653 2157 686 2217 Io
700 2161 841 2236 triumphe
850 2159 876 2217 !”

293 2234 399 2292 Civitas
412 2236 513 2308 omnis,
529 2238 713 2313 dabimusque
727 2239 798 2296 divis

526 2314 627 2373 Thura
639 2317 779 2393 benignis.

293 2394 338 2452 Te
352 2395 452 2451 decem
466 2394 538 2452 tauri
553 2396 725 2472 totidemque
739 2415 843 2471 vacca,
922 2402 927 2419 ¹
949 2462 953 2473 ¹

293 2472 343 2530 Me
356 2484 436 2532 tener
449 2473 537 2547 sqlvet
550 2475 662 2548 vitulus,
676 2476 776 2534 relicti
808 2484 821 2526 ι’
838 2492 842 2501 ’

293 2552 395 2626 Matre,
409 2554 457 2628 qui
470 2552 555 2632 largis
566 2554 725 2631 juvenescit
738 2550 833 2613 herbis

528 2633 563 2690 In
578 2653 641 2692 mea
655 2644 727 2708 vota,

218 2724 220 2728 ⁴
294 2709 399 2768 Fronte
413 2723 542 2770 curvatos
556 2713 679 2770 imitatus
693 2715 774 2790 ignes
852 2765 855 2770 .

294 2786 426 2847 Tertium
441 2789 531 2846 Lunae
546 2792 695 2848 referentis
709 2804 811 2865 ortum,

269 2923 271 2927 .
294 2866 363 2928 Qud
377 2879 472 2926 notam
487 2870 567 2927 duxit
580 2869 680 2926 niveus
693 2871 792 2943 videri,

527 2949 640 3007 Caetera
653 2947 753 3008 fulvus.

555 3264 639 3323 ODE
659 3265 699 3326 II.

495 3400 536 3440 Ab
549 3403 767 3446 maurontum.

413 3500 509 3562 Quum
521 3513 563 3576 tu,
577 3502 767 3580 Melpomene,
780 3503 867 3566 semel

139 3634 152 3675 1,
259 3575 431 3639 Nascentem
445 3582 557 3658 placido
570 3582 678 3640 lumine
692 3585 803 3658 videris,

415 3657 501 3718 Illum
514 3682 571 3721 non
585 3661 662 3720 labor
677 3663 813 3724 Isthmius

260 3737 386 3798 clarabit
398 3739 532 3816 pugilem,
545 3760 603 3800 non
617 3760 706 3820 equus
719 3744 839 3824 impiger
