2444 4216
366 214 608 265 EPISTULARUM
625 215 690 265 LlB.
708 215 743 266 ll.
761 222 784 269 l.

166 359 208 432 Si,
222 358 289 434 quia
299 357 462 417 Grecorum
475 371 541 418 sunt
553 359 747 436 antiquissimu
758 378 877 439 quoque

128 437 239 513 Scripta
251 437 294 495 vel
308 432 421 513 optima,
435 438 560 496 Romani
572 450 725 514 pensantur
739 441 839 498 eddem

79 573 83 580 ,
128 515 283 591 Scriptores
295 516 409 588 trutina,
422 535 480 574 non
493 515 624 591 estquod
638 520 724 575 multa
738 519 897 595 loquamur:

127 592 177 652 Nil
192 593 264 651 iutra
277 605 319 652 est
331 596 431 667 oleam,
446 596 485 653 nil
499 607 577 652 extra
589 607 632 653 est
645 596 674 653 in
688 616 773 670 nuce,
786 599 857 656 duri.
963 616 967 622 ·

128 672 265 730 Venimus
278 673 313 730 ad
326 692 467 731 summurn
482 674 614 731 senune:
635 675 777 759 pingimuq
790 688 872 753 atque

128 749 274 808 Psallimus
287 763 316 809 et
328 752 466 809 luctamur
481 752 600 809 Achivis
613 753 725 811 doctius
739 756 838 813 unctis

128 829 160 886 Si
174 829 287 887 meliora
300 830 371 903 dies,
386 841 417 888 ut
430 830 503 903 vina,
516 835 647 906 poemata
658 832 759 904 reddit,
843 904 846 909 ὓ
884 829 887 836 ’

128 908 207 964 Scire
221 909 303 965 velim
317 909 438 983 pretium
451 910 555 967 chartis
568 923 669 985 quotus
681 921 792 986 arroget
804 930 902 970 annus.

128 987 251 1061 Scriptor
265 986 369 1044 abhinc
382 1006 470 1047 annos
483 1002 598 1046 centum
611 988 659 1064 qui
672 990 787 1057 decidit,
801 989 873 1048 inter

123 1064 270 1123 Perfectus
283 1076 444 1142 veteresque
457 1069 553 1125 referri
567 1068 660 1138 debet,
675 1087 711 1124 an
725 1068 797 1125 inter

126 1143 205 1201 Viles
218 1155 300 1219 atque
314 1147 419 1203 novosl
438 1147 570 1203 excludat
580 1146 673 1221 jurgia
685 1145 797 1214 finiar·
845 1203 847 1206 .

126 1221 178 1279 Est
191 1233 271 1280 vetus
284 1234 366 1298 atque
379 1225 492 1299 probus,
506 1235 620 1281 centum
634 1223 681 1297 qui
694 1223 803 1298 perlicit
816 1244 953 1282 annos.-

126 1300 217 1372 Quid,
230 1301 278 1376 qui
292 1302 410 1376 deperiit
423 1302 513 1359 minor
528 1321 585 1359 uno
599 1320 704 1372 meuse,
718 1302 761 1358 vel
776 1321 859 1375 anno,

127 1377 204 1436 Inter
218 1398 288 1453 quos
302 1379 466 1436 referendus
477 1381 551 1438 eritl
572 1392 716 1439 veteresne
730 1384 836 1455 poetas,

126 1459 175 1514 An
188 1477 258 1532 quos
270 1467 299 1514 et
311 1475 434 1531 praesens
448 1469 477 1514 et
489 1470 599 1533 postera
611 1469 724 1534 respuet
736 1470 802 1516 aetas
810 1461 862 1516 l·-

127 1535 184 1592 Iste
197 1535 311 1610 quidem
326 1546 432 1593 veteres
445 1536 517 1593 inter
530 1548 654 1612 ponetur*
662 1535 790 1607 honeste,

125 1613 188 1674 Qui
202 1614 244 1670 vel
259 1633 356 1670 mense
371 1614 446 1671 brevi
460 1615 502 1671 vel
516 1625 574 1672 toto
586 1625 629 1671 est
636 1614 730 1691 junior
745 1630 867 1674 anno.—

127 1691 195 1750 Utor
209 1691 353 1767 permisso,
367 1693 520 1768 caudaeque
533 1693 604 1769 pilos
617 1704 648 1751 ut
660 1695 772 1769 equine
832 1702 845 1729 ·'

127 1770 265 1828 Paulatim
279 1771 359 1843 vello,
373 1782 402 1829 et
415 1772 497 1829 demo
511 1786 607 1844 unum,
622 1773 704 1831 demo
717 1774 801 1832 etiam
816 1793 917 1843 unum;
988 1792 991 1798 ·

127 1849 204 1906 Dum
218 1849 311 1922 cadat,
324 1850 418 1907 elusus
432 1851 538 1910 ratione
552 1852 658 1909 ruentis
672 1853 773 1928 acervi,

126 1928 188 1989 Qui
202 1929 274 1986 redit
288 1929 323 1986 ad
337 1929 431 2001 fastos,
446 1942 475 1987 et
487 1929 617 1992 virtutem
631 1932 749 1987 estimat
762 1931 854 2003 annis,

127 2005 301 2082 Miraturque
314 2007 384 2065 nihil
399 2008 454 2065 nisi
466 2009 541 2083 quod
555 2008 679 2066 Libitina
693 2010 818 2067 sacravit.

165 2085 285 2159 Ennius,
299 2098 328 2144 et
341 2087 453 2162 sapiens
462 2098 495 2144 'et
508 2087 594 2158 fortis,
608 2098 636 2143 et
650 2087 718 2145 alter
733 2087 883 2160 Homerus,

127 2160 166 2221 Ut
178 2165 269 2222 critici
283 2165 392 2236 dicunt,
406 2164 502 2222 leviter
517 2183 615 2222 curare
629 2166 738 2224 videtur

126 2240 195 2304 Quo
208 2244 344 2319 promissa
357 2245 461 2301 cadant
474 2255 503 2302 et
515 2245 625 2302 somnia
637 2245 819 2323 Pythagorea.

127 2320 156 2377 N
158 2323 242 2379 aerius
253 2323 281 2380 in
296 2323 426 2380 manibus
439 2342 495 2383 nou
509 2335 560 2396 est,
574 2334 603 2382 et
616 2325 756 2382 mentibus
771 2327 857 2383 haeret

127 2397 204 2457 Penei
219 2406 333 2475 recens,'
342 2399 413 2469 aded
428 2409 556 2460 sanctum
569 2414 705 2461 est‘retus
717 2420 801 2461 omne
814 2407 922 2479 poema.

127 2479 288 2554 Ambigitur
301 2479 410 2554 quoties
423 2492 484 2538 uter
498 2493 561 2538 utro
574 2481 610 2537 sit
622 2481 706 2555 prior,
722 2481 812 2539 aufert

107 2555 266 2613 ‘Pacuvius
280 2557 355 2614 docti
370 2558 472 2615 famam
486 2559 572 2628 senis,
586 2559 689 2614 Actius
701 2558 765 2627 alti;
789 2580 793 2584 ·

127 2633 239 2691 Dicitur
253 2633 354 2691 Afrani
368 2645 433 2710 toga
446 2636 610 2692 convenisse
624 2635 798 2707 Menandro;

126 2712 243 2770 Plautus
256 2714 291 2770 ad
305 2714 445 2789 exemplar
459 2714 548 2771 Siculi
560 2733 707 2790 properare
721 2715 897 2791 Epicharmi;

127 2791 250 2849 Vincere
265 2791 398 2849 Caecilius
410 2794 555 2868 gravitate,
569 2790 722 2852 Terentius
736 2806 803 2853 arte.

127 2870 189 2928 Hos
202 2871 313 2943 ediscit,
327 2872 419 2928 ethos
433 2884 510 2932 arcto
523 2873 624 2948 stipata
638 2875 746 2946 theatro

126 2950 243 3025 Spectat
256 2949 477 3025 Romapoteus;
499 2951 583 3011 habet
597 2953 647 3009 hos
660 2963 843 3027 numeratque
855 2955 954 3028 poctas

127 3030 174 3085 Ad
188 3040 315 3087 nostrum
329 3042 440 3106 tempus
453 3030 517 3087 Liri
531 3030 673 3105 scriptoris
687 3032 723 3088 ab
736 3049 802 3088 oero.

127 3107 273 3165 Interdum
287 3108 387 3185 vulgus
401 3121 510 3166 rectum
525 3108 616 3178 videt;
637 3121 680 3166 est
693 3109 741 3166 ubi
753 3121 860 3199 peccat.

128 3186 159 3244 Si
172 3199 279 3246 veteres
293 3188 332 3245 ita
345 3186 462 3245 miratur
476 3187 625 3262 laudatque
635 3193 746 3264 politas,

126 3263 165 3322 Ut
177 3266 247 3323 nihil
258 3267 404 3338 anteferat,
418 3261 489 3324 nihil
504 3266 558 3324 illis
571 3279 722 3343 comparet,
735 3278 827 3325 errat:

128 3344 159 3401 Si
172 3345 300 3419 quaedam
313 3344 397 3402 nimis
411 3343 536 3422 antiqud,
550 3347 574 3402 si
587 3345 718 3422 pleraque
731 3343 802 3404 dure

126 3421 229 3480 Dicere
243 3424 319 3480 cedit
330 3441 389 3495 ecs,
400 3422 501 3501 ignare
515 3424 602 3481 multa
616 3424 727 3496 latetur,
788 3437 796 3445 “·
904 3482 905 3485 ,

126 3501 164 3557 Εῑ
177 3501 257 3576 sapit,
272 3512 301 3558 et
313 3518 424 3560 mecum
439 3504 515 3576 lacit,
528 3514 557 3561 et
570 3503 640 3560 Jove
651 3504 760 3578 judicat
772 3520 859 3579 equo.
910 3534 912 3539 ·

126 3578 193 3636 Non
208 3579 338 3654 equidem
351 3579 482 3654 insector,
496 3583 650 3640 delendave
664 3582 790 3639 carmina
804 3581 866 3640 Liri

127 3657 198 3714 Esse
212 3675 284 3730 reor,
297 3658 414 3737 memini
426 3664 489 3736 que
501 3661 646 3737 plagosum
660 3656 730 3717 mihi
742 3679 828 3736 parvo

125 3735 267 3794 Orbilium
280 3735 388 3794 dictare
399 3757 406 3808 3
427 3739 478 3796 sed
490 3739 639 3797 emendata
652 3735 749 3812 videri,
805 3771 808 3776 ·

995 473 1060 578 *30
