2444 4216
423 241 620 301 chaumont
637 243 701 293 tra.
719 244 741 293 1.
1044 249 1065 307 5

128 381 238 445 Pallida
251 384 330 444 Mors
343 403 422 463 aquo
434 388 526 463 pulsat
539 389 611 465 pede
624 407 779 466 partperum
793 389 935 464 tabernas,

208 465 378 542 Regumque
391 477 488 524 turres.
530 467 558 525 (l
569 468 650 526 beate
664 468 752 540 Sexti,

129 543 206 603 Vite
219 563 328 601 summa
342 544 432 602 brevis
444 565 521 622 spem
536 567 587 604 nos
601 556 675 604 vetat
687 548 822 607 inchoare
834 549 967 626 longam:
1028 549 1065 607 15
1145 562 1150 597 l

208 623 226 679 J
228 643 273 680 am
287 636 315 680 te
329 636 437 700 premet
450 644 515 698 nox,
530 625 684 700 fabulaque
699 626 810 700 Manes,

128 701 169 761 Et
181 703 281 761 domus
294 704 374 761 exilis
388 703 535 774 Plutonia;
556 703 612 779 qud
627 706 709 762 simul
724 707 836 780 metris,

207 780 274 840 Non
288 781 376 860 regna
389 784 446 841 vini
460 783 577 842 sortiere
590 784 661 842 talis.

325 1257 326 1261 ,
350 1239 391 1279 Al)
411 1239 443 1278 Μ.
464 1237 627 1275 vtt’snmunt
647 1237 807 1278 adalranus.

206 1343 367 1414 Scarapars
381 1336 469 1414 Varip
483 1335 569 1412 sortis,
584 1337 744 1419 ethostium

205 1421 314 1491 Victor,
329 1416 445 1474 Maeonii
459 1415 592 1473 carminis
606 1415 674 1488 aliti,

203 1499 302 1561 Quam
316 1514 377 1554 rem*
389 1513 501 1571 cunque
515 1495 594 1553 ferox
608 1496 726 1552 navibus
739 1508 788 1557 aut
801 1498 880 1574 equis

362 1574 446 1632 Miles
460 1585 488 1631 te
502 1575 575 1631 duce
589 1575 714 1651 gesserit.

204 1656 277 1729 Nos,·
290 1655 427 1732 Agrippa,
438 1673 530 1729 neque
544 1655 605 1710 haee
618 1654 722 1726 dioere,
736 1674 790 1713 nee
803 1675 916 1733 gravem
1043 1657 1065 1716 5

204 1736 309 1794 Pelidae
322 1735 497 1791 stomachum
511 1733 612 1790 cedere
626 1734 724 1805 nescii,

203 1815 268 1873 Neo
282 1832 381 1871 cursus
395 1812 514 1889 duplicis
527 1831 577 1888 per
590 1831 667 1870 mare
682 1812 802 1888 Ulysaei',

359 1891 424 1969 Nee
437 1910 538 1949 saevam
552 1891 663 1967 Pelopis
677 1892 801 1965 domum,

202 1974 356 2044 conamur,
370 1971 471 2030 tenu'es
484 1971 617 2046 grandia:
640 1972 707 2027 dum
721 1973 820 2046 pudor,

203 2053 383 2127 Imbellisque
396 2051 463 2126 lyrae
479 2049 563 2106 Musa
576 2061 675 2125 potens
688 2061 763 2109 vetat
1027 2051 1064 2112 10
1158 2105 1167 2135 ‚

202 2132 314 2190 Laudes
327 2130 433 2207 egregii
447 2130 577 2200 cesaris,
591 2141 620 2186 et
633 2142 704 2202 tuas,

357 2208 450 2285 Culpa
463 2210 590 2266 deterere
604 2208 709 2286 ingeni.

200 2290 277 2353 Quis
291 2289 411 2346 Martem
426 2290 523 2346 tunicii
537 2300 643 2347 tectum
658 2288 840 2347 adamantini

201 2368 298 2447 Digne
313 2369 474 2444 scripseritl
495 2378 542 2425 aut
555 2368 668 2444 pulvere
683 2367 773 2426 Troio

201 2448 324 2527 Nigrum
338 2447 508 2516 Merionenl
529 2459 577 2504 aut
589 2467 643 2523 ope
657 2446 778 2503 Palladis
1026 2447 1062 2506 tt

357 2526 491 2602 Tydiden
505 2527 614 2602 superis
627 2525 743 2599 pareml
765 2525 770 2537 ’

492 2824 576 2898 ont
589 2839 641 2897 vr.

261 2980 301 3020 AD
321 2976 483 3020 nummum
504 2976 654 3030 PLANCUM,
675 2941 881 3018 consumant.

160 3083 347 3142 Launuaunu
361 3078 408 3135 alii
422 3077 525 3134 claram
541 3075 676 3147 Rhodon,
691 3085 740 3133 aut
753 3074 920 3153 Mitylenen,

261 3179 265 3193 ·
278 3160 338 3217 Aut
350 3157 505 3233 Ephesum,
519 3154 667 3212 bimarisve
681 3155 810 3214 Corinthi

159 3240 277 3312 Moenia,
292 3239 334 3296 vel
349 3237 464 3296 Baccho
477 3234 603 3305 Thebas,
619 3235 661 3291 vel
676 3235 808 3311 Apolline
822 3235 946 3313 Delphos

276 3317 417 3393 Insignes,
432 3324 480 3372 aut
493 3314 634 3372 Thessala
647 3312 766 3391 Tempe.
808 3343 810 3349 ·
890 3335 894 3344 ·

159 3402 234 3460 aunt
246 3399 345 3474 quibus
359 3415 447 3453 uuum
460 3413 530 3471 opus
543 3405 587 3451 est
600 3394 713 3451 intaetae
728 3393 850 3453 Palladis
864 3413 943 3452 arees
1036 3393 1059 3454 6

276 3476 409 3535 Carmine
422 3485 556 3551 perpetuo
569 3472 721 3545 celebrare,
736 3484 765 3531 et

158 3558 290 3634 Undique
300 3557 463 3632 ,deeerptam
477 3553 561 3623 fronti
574 3571 737 3628 praeponere
749 3552 859 3611 olivam.

278 3635 429 3706 Plurimus,
444 3634 473 3690 iu
487 3633 505 3689 J
507 3632 610 3691 unonis
623 3632 769 3704 honorem,

158 3697 267 3796 Apturd
280 3715 349 3773 dicit
362 3713 441 3791 equis
454 3713 557 3789 Argos,
568 3711 695 3789 ditesque
708 3709 853 3787 Myeenaa.

276 3785 331 3932 Ml
339 3791 588 3907 pectampatiens
599 3790 797 3863 Lacedaemon,
1020 3788 1058 3852 10
