2444 4216
368 219 567 271 orsuruuu
583 219 689 287 uni.

284 417 328 534 ‘j
381 410 620 505 ⁴'corconi
792 416 794 423 ’

388 568 688 631 conparauerunt„
777 574 780 578 ’
810 589 814 597 ’

198 681 295 742 Vrnns
308 690 340 739 ut
353 679 557 755 altdatetnive
570 678 724 753 candidum
812 749 815 756 ,

199 761 326 833 Soracte,
339 778 395 819 nec
403 759 462 836 jam
473 763 718 836 ,sustineam-onus

239 839 323 899 Silve
336 839 504 913 laborantes,
518 842 640 919 geluque

277 919 410 977 Flumina
423 920 600 979 constiterint
613 930 706 978 acuto.

142 998 144 1003 ’
198 998 327 1058 Dissolve
341 998 437 1076 frigus,
450 999 528 1075 ligna
541 1019 624 1076 super
638 999 703 1058 loco

137 1149 140 1154 Ι
195 1075 292 1156 Largd
306 1097 444 1155 reponens
453 1098 466 1151 ;⁴
480 1090 564 1154 atque
574 1077 731 1155 rbenignius

237 1157 376 1234 Deprcme
390 1157 568 1233 quadrimum
583 1157 700 1229 Sabina,

275 1235 501 1307 O·Thaliarclne,
515 1254 623 1292 merum
637 1235 722 1292 diota

197 1315 333 1375 Permitte
345 1314 419 1372 divis
432 1324 550 1379 caetera:
571 1314 619 1390 qui
627 1313 716 1373 simul

198 1391 331 1454 Stravdre
343 1403 443 1467 ventos
455 1411 568 1469 equore
582 1393 688 1453 krvido

236 1471 452 1549 Deproeliantes,
466 1492 521 1532 nec
534 1474 670 1553 cupressi,

272 1541 341 1610 Nec
354 1563 463 1610 veteres
476 1553 618 1629 agitantur
631 1553 702 1612 orni.

199 1631 280 1696 Quid
294 1631 330 1689 sit
344 1631 468 1689 futurum
482 1647 555 1705 cras,
569 1632 636 1708 luge
649 1646 773 1708 querere
781 1653 789 1705 ;
810 1634 839 1694 et

198 1711 296 1776 Quem
309 1726 369 1769 sors
382 1710 492 1768 dierum
506 1731 618 1787 cunque
632 1713 719 1785 dabit,
733 1712 812 1787 lucro

214 1800 219 1812 ¹
238 1791 359 1867 Appone
369 1809 451 1848 :nec
465 1791 563 1853 dulces
576 1791 729 1850 Camoenas

278 1871 387 1946 Sperne
400 1878 480 1946 puer,
493 1889 585 1946 neque
598 1883 629 1929 tu
643 1873 777 1943 choreas;

196 1948 296 2008 Donec
306 1948 406 2008 virenti
420 1949 538 2008 canities
551 1951 630 2008 abest

198 2027 320 2087 Morosa.
361 2027 450 2086 Nunc
463 2040 492 2086 et
505 2048 632 2106 campus,
646 2041 675 2087 et
688 2049 772 2104 areae,

237 2107 386 2184 Lenesque
400 2107 453 2164 sub
466 2118 578 2166 noctem
592 2110 708 2183 susurri,

278 2186 441 2264 Compositd
455 2198 615 2265 repetantur
629 2189 705 2247 horda

413 2573 415 2576 Α
452 2503 536 2562 onn
550 2504 605 2562 rx.

402 2637 447 2676 'An
460 2638 650 2679 musculum.

199 2740 353 2812 Mnacoru,
368 2739 490 2798 facunde
503 2760 591 2817 nepos
604 2740 739 2819 Atlantis,

198 2823 261 2884 Qui
275 2821 348 2879 feros
361 2819 453 2878 cultus
467 2821 613 2879 hominurn
626 2823 774 2883 recentiam

198 2902 278 2960 Voce
291 2899 416 2958 formdsti
430 2911 520 2973 catus,
534 2912 563 2959 et
575 2901 687 2960 decorae

354 2978 436 3037 More
449 2980 602 3055 palaestrae3

199 3059 246 3118 Te
259 3077 370 3132 canam,
385 3059 481 3134 magui
495 3057 574 3116 Jovis
583 3068 617 3116 et
630 3059 746 3119 deorum

198 3137 351 3211 Nuntium,
365 3155 512 3212 curaeque
525 3138 592 3214 lyrae
605 3151 766 3215 parentem3

200 3217 353 3290 Callidum,
367 3217 501 3293 quidquid
515 3218 631 3294 placuit,
642 3219 741 3296 jocoso

354 3296 486 3355 Condere
500 3297 581 3356 furto.

200 3375 257 3449 Te,
271 3375 355 3434 boves
368 3376 435 3434 clim
448 3376 502 3434 nisi
516 3376 687 3437 reddidisses

201 3453 256 3514 Per
267 3455 365 3526 dolum
378 3466 494 3529 amotas,
504 3476 626 3532 puerum
640 3458 746 3517 minaci
774 3480 776 3483 ·

199 3534 279 3594 Voce
292 3536 360 3594 dum
374 3546 468 3608 terret,
482 3536 583 3593 viduus
595 3537 726 3613 pharetrd
804 3558 806 3562 ·

355 3615 432 3673 Risit
446 3615 556 3691 Apollo.

200 3691 282 3756 Quin
302 3704 330 3753 et
344 3695 468 3769 Atridas,
483 3695 556 3755 duce
568 3705 608 3768 to,
622 3696 766 3774 superbos,
807 3757 809 3761 .

192 3772 614 3850 uliodinst'riamusrelicto,
729 3816 732 3821 ·
