2444 4216
337 190 340 195 ’
436 216 634 267 οΑκΜιΝσΜ
651 217 716 266 cm.
734 218 773 269 ιν

313 362 359 420 Te
372 361 513 431 beliuosm
526 360 573 437 qui
587 361 701 420 remotis

350 440 495 517 Obstrepit
508 438 642 498 Oceanus
656 440 814 517 Britannis,

275 519 389 577 Tenon
403 518 530 594 paventis
543 518 643 578 bruera
655 520 755 578 Gallie
847 537 850 542 ·
891 526 893 531 '
913 512 917 529 ¹

273 597 414 673 Duraeque
427 598 510 655 tellus
523 598 603 657 audit
615 597 733 657 Iberiae:

311 676 357 734 Te
371 677 449 734 caede
463 677 619 768 gaudentes
630 676 770 737 Sicambri

349 755 520 833 Compositis
533 768 703 817 venerantur
716 754 811 816 armis.

513 1066 598 1145 oon
617 1068 702 1128 xlv.

475 1207 605 1248 AUGUSTI
618 1207 742 1249 munus.

270 1307 401 1367 Pramnos
415 1308 554 1366 volentem
567 1306 666 1384 proelia
678 1326 724 1367 me
738 1308 812 1390 loqui

270 1388 369 1445 Victus
382 1398 410 1444 et
424 1388 507 1445 urbes
522 1387 743 1464 increpuitlyri,
828 1398 831 1411 ¹

310 1465 357 1523 Ne
370 1485 455 1540 parva
468 1465 651 1541 Tyrrhenum
665 1486 715 1541 per
729 1486 823 1544 equor

348 1546 418 1603 Veia
433 1546 536 1602 darem.
571 1544 648 1617 Tua,
662 1544 768 1621 Caesar,
783 1559 851 1607 etas

271 1624 380 1698 Fruges
393 1635 422 1681 et
436 1625 510 1701 agris
523 1624 629 1682 rettulit
642 1625 752 1700 uberes,
833 1627 836 1630 ’

269 1701 307 1759 Et
321 1703 402 1777 signa
416 1715 510 1760 nostro
524 1704 645 1762 restituit
658 1703 723 1763 Jovi

309 1781 426 1857 Direpta
440 1780 606 1840 Parthorum
620 1782 747 1859 superbis

347 1861 486 1930 Postibus,
501 1874 530 1918 et
544 1876 664 1918 vacuum
679 1862 780 1920 duellis

269 1939 372 1997 Janum
386 1940 503 2002 Quirini
516 1941 627 2013 clausit,
641 1951 670 1998 et
682 1941 810 2000 ordinem

269 2018 395 2076 Rectum
409 2031 438 2077 et
452 2021 563 2096 vaganti
578 2020 665 2097 fraena
677 2020 800 2079 licentiae

308 2097 419 2172 injecit,
434 2101 591 2175 emovitque
605 2101 712 2176 culpas,

346 2176 384 2233 Et
397 2188 504 2234 veteres
518 2164 658 2235 revocabit
671 2190 754 2253 artes,

268 2254 322 2313 Per
337 2275 406 2330 quas
420 2255 552 2313 Latinum
567 2276 671 2314 nomen
685 2269 713 2314 et
727 2256 806 2315 Italas

268 2334 390 2392 Crevere
405 2335 486 2409 vires,
501 2336 629 2410 famaque
639 2347 668 2392 et
681 2327 781 2412 imperi

307 2415 440 2471 Porrecto
453 2414 583 2489 majestas
598 2414 739 2481 adortum

345 2493 419 2551 Solis
432 2495 468 2551 ab
482 2492 622 2570 Hesperio
636 2493 730 2551 cubili.
811 2502 815 2507 '

268 2572 393 2631 Custode
404 2591 497 2630 rerum
512 2571 636 2645 Caesare,
650 2590 707 2631 non
719 2573 795 2633 furor

268 2651 376 2723 Civilis,
390 2663 438 2710 aut
453 2653 493 2709 vis
507 2652 612 2710 eximet
624 2651 730 2723 otium;

307 2728 374 2788 Non
388 2731 438 2801 ira,
453 2749 514 2805 quae
528 2732 658 2805 procudit
671 2750 763 2805 enses,

345 2808 382 2865 Et
395 2809 511 2866 miseras
525 2809 652 2866 inimicat
665 2810 758 2868 urbes.

267 2887 333 2946 Non
348 2889 396 2965 qui
409 2887 577 2965 profundum
591 2886 755 2946 Danubium
770 2888 870 2950 bibunt

266 2967 367 3028 Edicta
378 2979 509 3045 rumpent
521 2966 540 3023 J
542 2967 608 3040 ulia,
621 2986 678 3026 non
689 2966 780 3042 Geta,
810 3018 813 3026 .

306 3048 335 3106 N
337 3069 375 3105 on
390 3050 483 3121 Seres,
498 3047 613 3105 infidive
626 3046 728 3120 Persas,

332 3121 411 3184 ‘Non
427 3126 550 3184 Tanaim
565 3146 650 3203 prope
664 3125 769 3185 flumen
782 3127 844 3186 orti.

267 3203 383 3280 Nosque
396 3216 424 3261 et
437 3206 565 3280 profestis
578 3206 689 3264 lucibus
702 3217 732 3264 et
744 3206 841 3281 sacris,

268 3281 346 3339 luter
359 3283 447 3358 jocosi
461 3302 578 3341 munera
593 3285 697 3358 Liberi,

306 3362 379 3419 Cum
394 3361 470 3437 prole
484 3363 798 3442 matronisque-nostris,

344 3437 412 3498 Rite
428 3440 495 3499 deos
507 3440 585 3519 prius
598 3443 749 3520 imprecati,

266 3518 376 3577 Virtute
392 3519 510 3595 iunctos,
520 3541 598 3580 more
610 3534 730 3601 patrum,
744 3524 842 3597 duces,

267 3597 353 3677 Lydis
367 3600 483 3659 remixto
497 3603 622 3660 carmine
636 3601 721 3674 tibiis,

305 3676 474 3757 Troiamque
488 3672 516 3740 et
529 3681 687 3754 Anchisen,
700 3690 729 3739 et
742 3680 823 3761 aime

344 3756 511 3836 Progeniem
523 3756 645 3820 Veneris
654 3762 798 3820 etaemus
