2444 4216
161 204 216 264 12⁰
474 199 504 255 Q.
523 197 666 246 nonani
684 195 814 246 nancei.

199 346 245 401 Ac
259 343 328 400 mihi
342 362 392 400 seu
404 343 519 418 longum
532 351 594 416 post
607 352 718 415 tempus
731 350 846 397 venerat
859 339 970 415 hospes,

198 424 266 480 Sive
278 441 393 499 operum
407 439 495 477 vacuo
509 431 604 495 gratus
617 420 734 476 conviva
748 437 797 492 per
811 419 930 474 imbrem

200 501 330 569 Vicinus,
345 501 416 556 bene
429 509 498 570 erat,
513 518 569 555 non
583 498 707 572 piscibus
721 498 789 553 urbe
803 497 907 571 petitis,

200 582 257 637 Sed
272 580 349 655 pullo
360 589 442 653 atque
457 578 555 634 hoedo:
578 587 637 632 tum
651 575 767 651 pensilis
780 595 834 631 uva
847 575 987 632 secundas
1082 575 1137 632 120

200 658 238 716 Et
251 678 308 715 nux
321 657 437 714 ornabat
450 675 562 712 mensas
576 674 641 711 cum
655 655 766 729 duplice
780 653 852 710 ficu:

199 739 267 794 Post
280 738 334 794 hoc
347 736 429 791 ludus
442 746 502 791 erat
515 752 606 809 cuppa
620 744 715 809 potare
730 733 877 807 magistra3

200 817 247 872 Ac
261 826 392 871 venerata
402 814 499 884 Ceres,
514 813 553 868 ita
566 813 658 870 culmo
672 821 798 886 surgeret
811 813 875 883 alto,
945 849 946 852 =

201 893 381 969 Explicuit
356 912 422 950 vino
435 902 586 948 contractae
598 891 670 946 seria
681 889 786 946 frontis.

200 973 305 1029 Saeviat
318 983 400 1049 atque
415 990 500 1027 novos
514 980 624 1026 moveat
637 968 763 1025 Fortuna
776 969 921 1039 tumultus
1070 968 1137 1024 125

198 1048 350 1112 Quantum
362 1050 429 1106 hinc
440 1049 606 1105 imminuetl
626 1045 731 1121 quanto
743 1058 791 1103 aut
802 1066 855 1122 ego
865 1043 988 1121 parcius,
1000 1057 1049 1104 aut
1059 1065 1117 1119 vos,

199 1130 236 1188 0
242 1130 331 1204 pueri,
346 1128 477 1199 nituistis‚
490 1138 520 1183 ut
533 1129 592 1186 huc
600 1146 688 1182 novus
702 1126 796 1183 incola
808 1127 904 1182 venitl

201 1207 278 1268 Nam
293 1207 410 1282 propriae
425 1206 531 1262 telluris
547 1206 645 1261 herum
657 1218 756 1261 natura
769 1223 860 1279 neque
874 1204 962 1277 illum,

203 1286 267 1343 Neo
283 1306 338 1357 me,
352 1304 406 1342 nec
420 1304 576 1359 quenquam
591 1285 702 1341 statuit:
723 1303 774 1340 nos
788 1283 893 1358 expulit
907 1284 953 1340 ille
965 1303 971 1354 ;

203 1365 288 1422 Illum
303 1375 351 1420 aut
364 1363 503 1438 nequities
517 1374 565 1419 aut
578 1363 646 1419 vafri
660 1362 772 1419 inscitia
782 1362 864 1437 juris,

203 1440 348 1501 Postremd
363 1442 483 1516 expellet
493 1439 569 1498 certe
580 1442 704 1498 ⁴vivacior
719 1442 815 1497 haeres.

204 1523 291 1580 Nunc
305 1541 370 1597 ager
385 1520 520 1588 Umbreni
535 1521 586 1576 sub
600 1521 722 1592 nomine,
737 1518 825 1595 nupei
839 1519 924 1576 Ofelli

204 1601 315 1671 Dictus,
329 1600 382 1656 erit
395 1600 463 1656 nulli
477 1599 619 1675 pro'prius3
641 1601 689 1656 sed
704 1600 780 1657 cedit
793 1599 821 1655 in
836 1617 918 1654 usum

204 1679 292 1736 Nunc
306 1679 385 1750 mihi,
400 1697 478 1735 nunc
492 1679 555 1734 alii:
576 1679 708 1751 quocirca
721 1678 804 1741 vivite
818 1677 910 1749 fortes,

205 1757 353 1832 Fortiaque
367 1757 489 1814 adversis
503 1758 635 1832 opponite
648 1769 762 1833 pectora
775 1756 884 1814 rebus.''

539 2112 694 2169 SATIRA
715 2111 770 2169 ΙΙΙ.

566 2259 739 2293 DAMASIPPUS·

205 2351 257 2408 Sic
270 2346 334 2407 rard
348 2347 455 2420 scribis,
466 2358 497 2404 ut
510 2356 568 2404 toto
581 2366 637 2403 non
648 2357 744 2421 quater
758 2366 831 2405 anno

204 2429 401 2488 Membranam
414 2447 522 2503 poscas,
534 2425 698 2501 scriptorum
712 2445 827 2501 quaeqne
840 2437 978 2502 retexens,
1050 2433 1052 2447 l

207 2508 300 2565 Iratus
313 2509 363 2565 tibi
377 2505 452 2582 quod
466 2507 524 2563 vini
538 2506 683 2580 somnique
699 2506 835 2582 benignus

207 2586 257 2645 Nil
271 2587 388 2663 dignum
404 2605 532 2643 sermone
545 2604 638 2641 canas.
672 2584 752 2645 Quid
766 2585 833 2642 fietl
854 2587 889 2642 ab
903 2587 971 2661 ipsis

208 2666 406 2723 Saturnalibus
420 2666 477 2721 huc
489 2665 584 2740 fugisti
596 2684 603 2733 ;
626 2663 734 2721 sobrius
747 2684 814 2740 ergo

208 2744 264 2801 Dic
278 2744 312 2802 al.
325 2744 381 2818 quid
396 2744 512 2818 dignum
527 2743 686 2818 promissis:
707 2743 809 2819 incipe.
843 2744 892 2800 Nil
907 2756 970 2802 est.-

208 2824 365 2898 Culpantur
379 2820 480 2878 frustrd
495 2821 605 2892 calami,
620 2821 830 2896 immeritusque
844 2824 951 2880 laborat
1056 2837 1058 2841 ‘

209 2902 292 2960 iratis
307 2914 388 2959 natus
403 2901 496 2977 paries
510 2899 554 2956 dis
568 2910 649 2974 atque
663 2901 761 2975 poetis.
1008 2901 1010 2906 ’

210 2981 297 3054 Atqui
311 2982 402 3038 vultus
413 2991 474 3037 erat
484 2981 571 3036 multa
585 2990 614 3036 et
623 2978 757 3053 praeclara
768 2980 910 3052 minantis,

209 3059 242 3114 Si
256 3078 375 3115 vacuum
389 3060 482 3134 tepido
496 3059 615 3134 cepisset
629 3058 723 3114 villula
736 3069 817 3116 tecto.
933 3052 934 3057 ἵ

208 3137 354 3196 Quorsum
367 3139 502 3212 pertinuit
515 3139 617 3212 stipare
632 3138 749 3194 Platona
764 3137 937 3208 Menandro;

193 3212 341 3288 'Eupolim
357 3216 571 3285 Archilochum,
585 3217 702 3272 comites
715 3217 836 3272 educere
850 3218 961 3287 tantosl

210 3293 350 3349 Invidiam
363 3294 473 3368 placare
487 3312 567 3367 paras
579 3295 677 3350 virtute
692 3295 809 3351 relictdl

211 3371 402 3430 Contemnere
416 3370 515 3426 miser:
536 3371 650 3426 vitanda
663 3384 705 3429 est
719 3373 843 3447 improba
858 3375 940 3432 Siren

211 3451 343 3520 Desidia3
365 3461 412 3506 aut
415 3449 569 3538 ,quidquid
585 3450 640 3504 vita
654 3451 768 3507 meliore
778 3452 892 3526 parasti

211 3530 378 3589 Ponendum
392 3547 471 3606 aequo
484 3528 586 3586 animo

588 3656 729 3689 HORATIUS.

637 3741 675 3800 Di
686 3754 724 3817 te,
738 3743 917 3824 Damasippo,
932 3749 1057 3827 deaeque,
