<?xml version="1.0" encoding="UTF-8"?>
<!DOCTYPE html PUBLIC "-//W3C//DTD XHTML 1.0 Transitional//EN"
    "http://www.w3.org/TR/xhtml1/DTD/xhtml1-transitional.dtd">
<html xmlns="http://www.w3.org/1999/xhtml" xml:lang="en" lang="en">
 <head>
  <title>
</title>
<meta http-equiv="Content-Type" content="text/html;charset=utf-8" />
  <meta name='ocr-system' content='tesseract 3.04.00' />
  <meta name='ocr-capabilities' content='ocr_page ocr_carea ocr_par ocr_line ocrx_word'/>
</head>
<body>
  <div class='ocr_page' id='page_1' title='image "./quintihoratiifl00goulgoog_0171.png"; bbox 0 0 2444 4216; ppageno 0'>
   <div class='ocr_carea' id='block_1_1' title="bbox 149 205 795 264">
    <p class='ocr_par' dir='ltr' id='par_1_1' title="bbox 149 205 795 264">
     <span class='ocr_line' id='line_1_1' title="bbox 149 205 795 264; baseline -0.011 -5"><span class='ocrx_word' id='word_1_1' title='bbox 149 207 204 264; x_wconf 79' lang='lat'>162</span> <span class='ocrx_word' id='word_1_2' title='bbox 466 207 496 262; x_wconf 86' lang='lat' dir='ltr'>Q.</span> <span class='ocrx_word' id='word_1_3' title='bbox 514 205 657 253; x_wconf 85' lang='lat' dir='ltr'>HORATll</span> <span class='ocrx_word' id='word_1_4' title='bbox 672 205 795 253; x_wconf 77' lang='lat' dir='ltr'>utrum</span> 
     </span>
    </p>
   </div>
   <div class='ocr_carea' id='block_1_2' title="bbox 93 344 1115 3705">
    <p class='ocr_par' dir='ltr' id='par_1_2' title="bbox 93 344 1115 3705">
     <span class='ocr_line' id='line_1_2' title="bbox 183 344 866 424; baseline -0.001 -21"><span class='ocrx_word' id='word_1_5' title='bbox 183 345 324 420; x_wconf 81' lang='lat' dir='ltr'>Pomisne,</span> <span class='ocrx_word' id='word_1_6' title='bbox 338 366 375 405; x_wconf 88' lang='lat' dir='ltr'>an</span> <span class='ocrx_word' id='word_1_7' title='bbox 387 348 481 424; x_wconf 88' lang='lat' dir='ltr'>pratis,</span> <span class='ocrx_word' id='word_1_8' title='bbox 495 366 529 402; x_wconf 89' lang='lat' dir='ltr'>an</span> <span class='ocrx_word' id='word_1_9' title='bbox 545 345 647 402; x_wconf 81' lang='lat' dir='ltr'>amictrl</span> <span class='ocrx_word' id='word_1_10' title='bbox 660 346 761 402; x_wconf 87' lang='lat' dir='ltr'>vitibus</span> <span class='ocrx_word' id='word_1_11' title='bbox 774 344 866 415; x_wconf 85' lang='lat' dir='ltr'>ulmo;</span> 
     </span>
     <span class='ocr_line' id='line_1_3' title="bbox 184 424 856 499; baseline -0.003 -17"><span class='ocrx_word' id='word_1_12' title='bbox 184 426 327 483; x_wconf 87' lang='lat' dir='ltr'>Scribetur</span> <span class='ocrx_word' id='word_1_13' title='bbox 340 427 390 484; x_wconf 88' lang='lat' dir='ltr'>tibi</span> <span class='ocrx_word' id='word_1_14' title='bbox 405 426 491 481; x_wconf 87' lang='lat' dir='ltr'>forma</span> <span class='ocrx_word' id='word_1_15' title='bbox 501 424 651 498; x_wconf 77' lang='lat' dir='ltr'>loquaciter</span> <span class='ocrx_word' id='word_1_16' title='bbox 664 435 692 480; x_wconf 89' lang='lat' dir='ltr'>et</span> <span class='ocrx_word' id='word_1_17' title='bbox 706 424 775 480; x_wconf 89' lang='lat' dir='ltr'>situs</span> <span class='ocrx_word' id='word_1_18' title='bbox 789 425 856 499; x_wconf 88' lang='lat' dir='ltr'>agri.</span> 
     </span>
     <span class='ocr_line' id='line_1_4' title="bbox 222 502 856 577; baseline -0.006 -15"><span class='ocrx_word' id='word_1_19' title='bbox 222 504 355 562; x_wconf 85' lang='lat' dir='ltr'>Continui</span> <span class='ocrx_word' id='word_1_20' title='bbox 369 510 486 573; x_wconf 80' lang='lat' dir='ltr'>montes,</span> <span class='ocrx_word' id='word_1_21' title='bbox 501 503 555 559; x_wconf 90' lang='lat' dir='ltr'>nisi</span> <span class='ocrx_word' id='word_1_22' title='bbox 569 502 754 559; x_wconf 78' lang='lat' dir='ltr'>dissocientur</span> <span class='ocrx_word' id='word_1_23' title='bbox 767 502 856 577; x_wconf 68' lang='lat' dir='ltr'>opacis</span> 
     </span>
     <span class='ocr_line' id='line_1_5' title="bbox 185 569 953 656; baseline -0.003 -16"><span class='ocrx_word' id='word_1_24' title='bbox 185 583 284 651; x_wconf 86' lang='lat' dir='ltr'>Valle;</span> <span class='ocrx_word' id='word_1_25' title='bbox 305 583 353 639; x_wconf 92' lang='lat' dir='ltr'>sed</span> <span class='ocrx_word' id='word_1_26' title='bbox 368 593 399 638; x_wconf 91' lang='lat' dir='ltr'>ut</span> <span class='ocrx_word' id='word_1_27' title='bbox 412 582 527 637; x_wconf 88' lang='lat' dir='ltr'>veniens</span> <span class='ocrx_word' id='word_1_28' title='bbox 541 582 672 637; x_wconf 91' lang='lat' dir='ltr'>dextrum</span> <span class='ocrx_word' id='word_1_29' title='bbox 685 581 758 640; x_wconf 88' lang='lat' dir='ltr'>latus</span> <span class='ocrx_word' id='word_1_30' title='bbox 771 581 887 656; x_wconf 77' lang='lat' dir='ltr'>aspiciat</span> <span class='ocrx_word' id='word_1_31' title='bbox 901 569 953 654; x_wconf 69' lang='lat' dir='ltr'>sol,l</span> 
     </span>
     <span class='ocr_line' id='line_1_6' title="bbox 185 659 823 735; baseline -0.003 -17"><span class='ocrx_word' id='word_1_32' title='bbox 185 660 299 718; x_wconf 85' lang='lat' dir='ltr'>Laevum</span> <span class='ocrx_word' id='word_1_33' title='bbox 313 661 453 716; x_wconf 84' lang='lat' dir='ltr'>decedens</span> <span class='ocrx_word' id='word_1_34' title='bbox 467 678 552 717; x_wconf 89' lang='lat' dir='ltr'>curru</span> <span class='ocrx_word' id='word_1_35' title='bbox 566 659 691 734; x_wconf 85' lang='lat' dir='ltr'>fugiente</span> <span class='ocrx_word' id='word_1_36' title='bbox 705 670 823 735; x_wconf 81' lang='lat' dir='ltr'>vaporet</span> 
     </span>
     <span class='ocr_line' id='line_1_7' title="bbox 185 734 995 813; baseline -0.001 -18"><span class='ocrx_word' id='word_1_37' title='bbox 185 738 364 813; x_wconf 86' lang='lat' dir='ltr'>Temperiem</span> <span class='ocrx_word' id='word_1_38' title='bbox 377 738 484 794; x_wconf 87' lang='lat' dir='ltr'>laudes.</span> <span class='ocrx_word' id='word_1_39' title='bbox 524 738 616 808; x_wconf 80' lang='lat' dir='ltr'>Quid,</span> <span class='ocrx_word' id='word_1_40' title='bbox 630 739 653 793; x_wconf 91' lang='lat' dir='ltr'>si</span> <span class='ocrx_word' id='word_1_41' title='bbox 667 738 824 794; x_wconf 90' lang='lat' dir='ltr'>rubicunda</span> <span class='ocrx_word' id='word_1_42' title='bbox 837 734 961 812; x_wconf 65' lang='lat' dir='ltr'>benign&amp;</span> <span class='ocrx_word' id='word_1_43' title='bbox 992 780 995 786; x_wconf 79' lang='lat'><em>·</em></span> 
     </span>
     <span class='ocr_line' id='line_1_8' title="bbox 184 816 948 891; baseline 0 -19"><span class='ocrx_word' id='word_1_44' title='bbox 184 817 278 873; x_wconf 89' lang='lat' dir='ltr'>Corna</span> <span class='ocrx_word' id='word_1_45' title='bbox 292 836 388 891; x_wconf 87' lang='lat' dir='ltr'>vepres</span> <span class='ocrx_word' id='word_1_46' title='bbox 401 829 429 873; x_wconf 92' lang='lat' dir='ltr'>et</span> <span class='ocrx_word' id='word_1_47' title='bbox 443 835 533 891; x_wconf 89' lang='lat' dir='ltr'>pruna</span> <span class='ocrx_word' id='word_1_48' title='bbox 546 817 660 874; x_wconf 84' lang='lat' dir='ltr'>leruntl</span> <span class='ocrx_word' id='word_1_49' title='bbox 682 817 705 872; x_wconf 91' lang='lat' dir='ltr'>si</span> <span class='ocrx_word' id='word_1_50' title='bbox 719 835 839 890; x_wconf 86' lang='lat' dir='ltr'>quercus</span> <span class='ocrx_word' id='word_1_51' title='bbox 851 827 880 872; x_wconf 90' lang='lat' dir='ltr'>et</span> <span class='ocrx_word' id='word_1_52' title='bbox 888 816 948 872; x_wconf 86' lang='lat' dir='ltr'>ilex</span> 
     </span>
     <span class='ocr_line' id='line_1_9' title="bbox 184 893 955 970; baseline -0.001 -20"><span class='ocrx_word' id='word_1_53' title='bbox 184 893 275 950; x_wconf 73' lang='lat' dir='ltr'>Multa</span> <span class='ocrx_word' id='word_1_54' title='bbox 286 895 364 970; x_wconf 87' lang='lat' dir='ltr'>fruge</span> <span class='ocrx_word' id='word_1_55' title='bbox 378 915 473 970; x_wconf 88' lang='lat' dir='ltr'>pecus,</span> <span class='ocrx_word' id='word_1_56' title='bbox 487 895 575 951; x_wconf 69' lang='lat' dir='ltr'>multa</span> <span class='ocrx_word' id='word_1_57' title='bbox 588 894 733 951; x_wconf 91' lang='lat' dir='ltr'>dominum</span> <span class='ocrx_word' id='word_1_58' title='bbox 745 894 822 968; x_wconf 87' lang='lat' dir='ltr'>juvat</span> <span class='ocrx_word' id='word_1_59' title='bbox 836 894 955 951; x_wconf 70' lang='lat' dir='ltr'>umbrat</span> 
     </span>
     <span class='ocr_line' id='line_1_10' title="bbox 183 970 883 1048; baseline 0.001 -21"><span class='ocrx_word' id='word_1_60' title='bbox 183 970 271 1029; x_wconf 86' lang='lat' dir='ltr'>Dicas</span> <span class='ocrx_word' id='word_1_61' title='bbox 284 974 435 1031; x_wconf 90' lang='lat' dir='ltr'>adductum</span> <span class='ocrx_word' id='word_1_62' title='bbox 448 971 562 1048; x_wconf 75' lang='lat' dir='ltr'>propius</span> <span class='ocrx_word' id='word_1_63' title='bbox 576 974 704 1030; x_wconf 83' lang='lat' dir='ltr'>frondere</span> <span class='ocrx_word' id='word_1_64' title='bbox 718 972 883 1042; x_wconf 82' lang='lat' dir='ltr'>Tarentum.</span> 
     </span>
     <span class='ocr_line' id='line_1_11' title="bbox 184 1049 926 1122; baseline 0 -15"><span class='ocrx_word' id='word_1_65' title='bbox 184 1049 260 1107; x_wconf 88' lang='lat' dir='ltr'>Fons</span> <span class='ocrx_word' id='word_1_66' title='bbox 273 1051 366 1122; x_wconf 86' lang='lat' dir='ltr'>etiam,</span> <span class='ocrx_word' id='word_1_67' title='bbox 381 1053 439 1109; x_wconf 91' lang='lat' dir='ltr'>rivo</span> <span class='ocrx_word' id='word_1_68' title='bbox 452 1054 518 1108; x_wconf 87' lang='lat' dir='ltr'>dare</span> <span class='ocrx_word' id='word_1_69' title='bbox 532 1071 635 1108; x_wconf 91' lang='lat' dir='ltr'>nomen</span> <span class='ocrx_word' id='word_1_70' title='bbox 649 1052 778 1122; x_wconf 75' lang='lat' dir='ltr'>idoneuS,</span> <span class='ocrx_word' id='word_1_71' title='bbox 792 1063 823 1108; x_wconf 90' lang='lat' dir='ltr'>ut</span> <span class='ocrx_word' id='word_1_72' title='bbox 836 1070 891 1107; x_wconf 88' lang='lat' dir='ltr'>neo</span> <span class='ocrx_word' id='word_1_73' title='bbox 924 1087 926 1090; x_wconf 55' lang='lat'>&gt;</span> 
     </span>
     <span class='ocr_line' id='line_1_12' title="bbox 184 1128 910 1205; baseline 0.001 -21"><span class='ocrx_word' id='word_1_74' title='bbox 184 1128 323 1204; x_wconf 82' lang='lat' dir='ltr'>Frigidior</span> <span class='ocrx_word' id='word_1_75' title='bbox 336 1130 479 1187; x_wconf 89' lang='lat' dir='ltr'>Thracam</span> <span class='ocrx_word' id='word_1_76' title='bbox 495 1149 549 1186; x_wconf 90' lang='lat' dir='ltr'>nec</span> <span class='ocrx_word' id='word_1_77' title='bbox 562 1131 655 1205; x_wconf 91' lang='lat' dir='ltr'>purior</span> <span class='ocrx_word' id='word_1_78' title='bbox 670 1131 774 1186; x_wconf 87' lang='lat' dir='ltr'>ambiat</span> <span class='ocrx_word' id='word_1_79' title='bbox 787 1130 910 1201; x_wconf 83' lang='lat' dir='ltr'>Hebrus,</span> 
     </span>
     <span class='ocr_line' id='line_1_13' title="bbox 184 1206 747 1283; baseline 0.002 -20"><span class='ocrx_word' id='word_1_80' title='bbox 184 1206 299 1265; x_wconf 88' lang='lat' dir='ltr'>Infirmo</span> <span class='ocrx_word' id='word_1_81' title='bbox 313 1209 397 1283; x_wconf 89' lang='lat' dir='ltr'>capiti</span> <span class='ocrx_word' id='word_1_82' title='bbox 412 1208 473 1265; x_wconf 89' lang='lat' dir='ltr'>fluit</span> <span class='ocrx_word' id='word_1_83' title='bbox 487 1209 571 1281; x_wconf 88' lang='lat' dir='ltr'>utilis,</span> <span class='ocrx_word' id='word_1_84' title='bbox 587 1209 662 1265; x_wconf 88' lang='lat' dir='ltr'>utilis</span> <span class='ocrx_word' id='word_1_85' title='bbox 676 1209 747 1265; x_wconf 88' lang='lat' dir='ltr'>alvo.</span> 
     </span>
     <span class='ocr_line' id='line_1_14' title="bbox 184 1285 902 1363; baseline 0.001 -21"><span class='ocrx_word' id='word_1_86' title='bbox 184 1285 238 1342; x_wconf 85' lang='lat' dir='ltr'>Hae</span> <span class='ocrx_word' id='word_1_87' title='bbox 252 1287 364 1344; x_wconf 82' lang='lat' dir='ltr'>latebrae</span> <span class='ocrx_word' id='word_1_88' title='bbox 376 1288 485 1359; x_wconf 87' lang='lat' dir='ltr'>dulces,</span> <span class='ocrx_word' id='word_1_89' title='bbox 500 1288 607 1363; x_wconf 89' lang='lat' dir='ltr'>etjam,</span> <span class='ocrx_word' id='word_1_90' title='bbox 622 1288 645 1343; x_wconf 89' lang='lat' dir='ltr'>si</span> <span class='ocrx_word' id='word_1_91' title='bbox 660 1287 761 1357; x_wconf 77' lang='lat' dir='ltr'>credie,</span> <span class='ocrx_word' id='word_1_92' title='bbox 776 1306 902 1359; x_wconf 84' lang='lat' dir='ltr'>amoenae,</span> 
     </span>
     <span class='ocr_line' id='line_1_15' title="bbox 183 1360 946 1440; baseline 0 -20"><span class='ocrx_word' id='word_1_93' title='bbox 183 1364 358 1422; x_wconf 92' lang='lat' dir='ltr'>Incolumem</span> <span class='ocrx_word' id='word_1_94' title='bbox 377 1360 428 1423; x_wconf 91' lang='lat' dir='ltr'>tibi</span> <span class='ocrx_word' id='word_1_95' title='bbox 442 1385 487 1422; x_wconf 89' lang='lat' dir='ltr'>me</span> <span class='ocrx_word' id='word_1_96' title='bbox 501 1376 634 1440; x_wconf 85' lang='lat' dir='ltr'>praestant</span> <span class='ocrx_word' id='word_1_97' title='bbox 648 1365 851 1440; x_wconf 88' lang='lat' dir='ltr'>septembribus</span> <span class='ocrx_word' id='word_1_98' title='bbox 865 1365 946 1423; x_wconf 81' lang='lat' dir='ltr'>boris.</span> 
     </span>
     <span class='ocr_line' id='line_1_16' title="bbox 223 1441 860 1519; baseline 0.002 -20"><span class='ocrx_word' id='word_1_99' title='bbox 223 1441 270 1499; x_wconf 92' lang='lat' dir='ltr'>Tu</span> <span class='ocrx_word' id='word_1_100' title='bbox 284 1442 360 1501; x_wconf 67' lang='lat' dir='ltr'>rect&amp;</span> <span class='ocrx_word' id='word_1_101' title='bbox 375 1445 451 1519; x_wconf 75' lang='lat' dir='ltr'>vivis,</span> <span class='ocrx_word' id='word_1_102' title='bbox 466 1445 489 1500; x_wconf 90' lang='lat' dir='ltr'>si</span> <span class='ocrx_word' id='word_1_103' title='bbox 504 1463 586 1500; x_wconf 91' lang='lat' dir='ltr'>curas</span> <span class='ocrx_word' id='word_1_104' title='bbox 600 1463 661 1500; x_wconf 87' lang='lat' dir='ltr'>esse</span> <span class='ocrx_word' id='word_1_105' title='bbox 675 1445 748 1517; x_wconf 92' lang='lat' dir='ltr'>quod</span> <span class='ocrx_word' id='word_1_106' title='bbox 764 1444 860 1514; x_wconf 86' lang='lat' dir='ltr'>audis:</span> 
     </span>
     <span class='ocr_line' id='line_1_17' title="bbox 184 1521 906 1598; baseline 0.001 -20"><span class='ocrx_word' id='word_1_107' title='bbox 184 1521 328 1579; x_wconf 89' lang='lat' dir='ltr'>Jactamus</span> <span class='ocrx_word' id='word_1_108' title='bbox 339 1523 505 1598; x_wconf 87' lang='lat' dir='ltr'>jampridem</span> <span class='ocrx_word' id='word_1_109' title='bbox 518 1523 610 1579; x_wconf 88' lang='lat' dir='ltr'>omnis</span> <span class='ocrx_word' id='word_1_110' title='bbox 623 1533 651 1578; x_wconf 87' lang='lat' dir='ltr'>te</span> <span class='ocrx_word' id='word_1_111' title='bbox 665 1521 759 1579; x_wconf 85' lang='lat' dir='ltr'>Roma</span> <span class='ocrx_word' id='word_1_112' title='bbox 773 1523 906 1586; x_wconf 86' lang='lat' dir='ltr'>beatum.¹</span> 
     </span>
     <span class='ocr_line' id='line_1_18' title="bbox 184 1599 921 1675; baseline 0.003 -19"><span class='ocrx_word' id='word_1_113' title='bbox 184 1601 241 1656; x_wconf 83' lang='lat' dir='ltr'>Sed</span> <span class='ocrx_word' id='word_1_114' title='bbox 256 1619 350 1657; x_wconf 86' lang='lat' dir='ltr'>vereor</span> <span class='ocrx_word' id='word_1_115' title='bbox 364 1621 401 1659; x_wconf 90' lang='lat' dir='ltr'>ne</span> <span class='ocrx_word' id='word_1_116' title='bbox 415 1602 462 1657; x_wconf 92' lang='lat' dir='ltr'>cui</span> <span class='ocrx_word' id='word_1_117' title='bbox 476 1602 511 1657; x_wconf 88' lang='lat' dir='ltr'>de</span> <span class='ocrx_word' id='word_1_118' title='bbox 525 1612 553 1658; x_wconf 89' lang='lat' dir='ltr'>te</span> <span class='ocrx_word' id='word_1_119' title='bbox 566 1599 630 1675; x_wconf 83' lang='lat' dir='ltr'>plds</span> <span class='ocrx_word' id='word_1_120' title='bbox 644 1599 727 1675; x_wconf 75' lang='lat' dir='ltr'>qulam</span> <span class='ocrx_word' id='word_1_121' title='bbox 741 1601 791 1657; x_wconf 92' lang='lat' dir='ltr'>tibi</span> <span class='ocrx_word' id='word_1_122' title='bbox 806 1602 904 1658; x_wconf 88' lang='lat' dir='ltr'>credas</span> <span class='ocrx_word' id='word_1_123' title='bbox 912 1621 921 1670; x_wconf 89' lang='lat'>;</span> 
     </span>
     <span class='ocr_line' id='line_1_19' title="bbox 174 1677 882 1754; baseline 0.001 -21"><span class='ocrx_word' id='word_1_124' title='bbox 174 1677 263 1735; x_wconf 65' lang='lat' dir='ltr'>‘Neve</span> <span class='ocrx_word' id='word_1_125' title='bbox 276 1690 356 1754; x_wconf 88' lang='lat' dir='ltr'>putes</span> <span class='ocrx_word' id='word_1_126' title='bbox 371 1680 456 1736; x_wconf 85' lang='lat' dir='ltr'>alium</span> <span class='ocrx_word' id='word_1_127' title='bbox 471 1680 596 1754; x_wconf 82' lang='lat' dir='ltr'>sapiente</span> <span class='ocrx_word' id='word_1_128' title='bbox 611 1680 738 1754; x_wconf 86' lang='lat' dir='ltr'>bonoque</span> <span class='ocrx_word' id='word_1_129' title='bbox 753 1680 882 1749; x_wconf 85' lang='lat' dir='ltr'>beatum;</span> 
     </span>
     <span class='ocr_line' id='line_1_20' title="bbox 106 1756 875 1834; baseline 0.004 -22"><span class='ocrx_word' id='word_1_130' title='bbox 106 1809 112 1823; x_wconf 85' lang='grc'><em>,</em></span> <span class='ocrx_word' id='word_1_131' title='bbox 183 1756 258 1828; x_wconf 83' lang='lat' dir='ltr'>Neu,</span> <span class='ocrx_word' id='word_1_132' title='bbox 273 1759 333 1814; x_wconf 86' lang='lat' dir='ltr'>site</span> <span class='ocrx_word' id='word_1_133' title='bbox 346 1759 464 1834; x_wconf 89' lang='lat' dir='ltr'>populus</span> <span class='ocrx_word' id='word_1_134' title='bbox 478 1777 577 1814; x_wconf 90' lang='lat' dir='ltr'>sanum</span> <span class='ocrx_word' id='word_1_135' title='bbox 591 1756 724 1832; x_wconf 74' lang='lat' dir='ltr'>recteque</span> <span class='ocrx_word' id='word_1_136' title='bbox 738 1759 875 1815; x_wconf 86' lang='lat' dir='ltr'>valentem</span> 
     </span>
     <span class='ocr_line' id='line_1_21' title="bbox 184 1834 890 1911; baseline 0.003 -19"><span class='ocrx_word' id='word_1_137' title='bbox 184 1834 310 1907; x_wconf 90' lang='lat' dir='ltr'>Dictitet,</span> <span class='ocrx_word' id='word_1_138' title='bbox 324 1839 464 1894; x_wconf 86' lang='lat' dir='ltr'>occultam</span> <span class='ocrx_word' id='word_1_139' title='bbox 478 1837 582 1892; x_wconf 83' lang='lat' dir='ltr'>febrem</span> <span class='ocrx_word' id='word_1_140' title='bbox 598 1836 650 1892; x_wconf 90' lang='lat' dir='ltr'>sub</span> <span class='ocrx_word' id='word_1_141' title='bbox 663 1847 773 1911; x_wconf 87' lang='lat' dir='ltr'>tempus</span> <span class='ocrx_word' id='word_1_142' title='bbox 787 1837 890 1894; x_wconf 88' lang='lat' dir='ltr'>edendi</span> 
     </span>
     <span class='ocr_line' id='line_1_22' title="bbox 183 1912 1030 1988; baseline 0.004 -18"><span class='ocrx_word' id='word_1_143' title='bbox 183 1912 357 1988; x_wconf 87' lang='lat' dir='ltr'>Dissimules,</span> <span class='ocrx_word' id='word_1_144' title='bbox 372 1918 463 1974; x_wconf 91' lang='lat' dir='ltr'>donec</span> <span class='ocrx_word' id='word_1_145' title='bbox 475 1915 604 1972; x_wconf 88' lang='lat' dir='ltr'>manibus</span> <span class='ocrx_word' id='word_1_146' title='bbox 617 1925 718 1972; x_wconf 90' lang='lat' dir='ltr'>tremor</span> <span class='ocrx_word' id='word_1_147' title='bbox 732 1916 838 1971; x_wconf 86' lang='lat' dir='ltr'>incidat</span> <span class='ocrx_word' id='word_1_148' title='bbox 850 1916 951 1974; x_wconf 86' lang='lat' dir='ltr'>unctis.</span> <span class='ocrx_word' id='word_1_149' title='bbox 1028 1958 1030 1963; x_wconf 86' lang='lat'><em>-</em></span> 
     </span>
     <span class='ocr_line' id='line_1_23' title="bbox 184 1993 970 2070; baseline -0.001 -22"><span class='ocrx_word' id='word_1_150' title='bbox 184 1994 335 2051; x_wconf 87' lang='lat' dir='ltr'>Stultorum</span> <span class='ocrx_word' id='word_1_151' title='bbox 351 1996 478 2052; x_wconf 86' lang='lat' dir='ltr'>incurata</span> <span class='ocrx_word' id='word_1_152' title='bbox 489 1996 578 2070; x_wconf 90' lang='lat' dir='ltr'>pudor</span> <span class='ocrx_word' id='word_1_153' title='bbox 592 1993 682 2050; x_wconf 89' lang='lat' dir='ltr'>malus</span> <span class='ocrx_word' id='word_1_154' title='bbox 696 1994 792 2050; x_wconf 89' lang='lat' dir='ltr'>ulcera</span> <span class='ocrx_word' id='word_1_155' title='bbox 806 1993 887 2051; x_wconf 85' lang='lat' dir='ltr'>celat.</span> <span class='ocrx_word' id='word_1_156' title='bbox 967 2044 970 2047; x_wconf 15' lang='grc' dir='ltr'><strong>Α</strong></span> 
     </span>
     <span class='ocr_line' id='line_1_24' title="bbox 184 2072 803 2149; baseline 0.002 -22"><span class='ocrx_word' id='word_1_157' title='bbox 184 2072 216 2127; x_wconf 90' lang='lat' dir='ltr'>Si</span> <span class='ocrx_word' id='word_1_158' title='bbox 230 2074 291 2146; x_wconf 93' lang='lat' dir='ltr'>quis</span> <span class='ocrx_word' id='word_1_159' title='bbox 305 2073 377 2130; x_wconf 90' lang='lat' dir='ltr'>bella</span> <span class='ocrx_word' id='word_1_160' title='bbox 391 2075 441 2131; x_wconf 91' lang='lat' dir='ltr'>tibi</span> <span class='ocrx_word' id='word_1_161' title='bbox 455 2075 529 2131; x_wconf 74' lang='lat' dir='ltr'>terra</span> <span class='ocrx_word' id='word_1_162' title='bbox 543 2078 666 2149; x_wconf 81' lang='lat' dir='ltr'>pugnata</span> <span class='ocrx_word' id='word_1_163' title='bbox 679 2073 803 2147; x_wconf 89' lang='lat' dir='ltr'>marique</span> 
     </span>
     <span class='ocr_line' id='line_1_25' title="bbox 183 2149 883 2227; baseline 0.003 -22"><span class='ocrx_word' id='word_1_164' title='bbox 183 2149 277 2222; x_wconf 91' lang='lat' dir='ltr'>Dicat,</span> <span class='ocrx_word' id='word_1_165' title='bbox 291 2161 319 2206; x_wconf 91' lang='lat' dir='ltr'>et</span> <span class='ocrx_word' id='word_1_166' title='bbox 332 2151 376 2206; x_wconf 90' lang='lat' dir='ltr'>his</span> <span class='ocrx_word' id='word_1_167' title='bbox 386 2153 480 2207; x_wconf 77' lang='lat' dir='ltr'>verbis</span> <span class='ocrx_word' id='word_1_168' title='bbox 491 2172 593 2208; x_wconf 86' lang='lat' dir='ltr'>vacuas</span> <span class='ocrx_word' id='word_1_169' title='bbox 607 2152 779 2227; x_wconf 85' lang='lat' dir='ltr'>permulceat</span> <span class='ocrx_word' id='word_1_170' title='bbox 792 2170 883 2223; x_wconf 85' lang='lat' dir='ltr'>aures,</span> 
     </span>
     <span class='ocr_line' id='line_1_26' title="bbox 184 2227 986 2307; baseline 0.002 -23"><span class='ocrx_word' id='word_1_171' title='bbox 184 2228 292 2285; x_wconf 84' lang='lat' dir='ltr'>“Tene</span> <span class='ocrx_word' id='word_1_172' title='bbox 307 2227 397 2304; x_wconf 84' lang='lat' dir='ltr'>magis</span> <span class='ocrx_word' id='word_1_173' title='bbox 410 2229 515 2305; x_wconf 80' lang='lat' dir='ltr'>salvum</span> <span class='ocrx_word' id='word_1_174' title='bbox 529 2231 647 2305; x_wconf 90' lang='lat' dir='ltr'>populus</span> <span class='ocrx_word' id='word_1_175' title='bbox 661 2231 735 2302; x_wconf 90' lang='lat' dir='ltr'>velit,</span> <span class='ocrx_word' id='word_1_176' title='bbox 750 2250 786 2288; x_wconf 87' lang='lat' dir='ltr'>an</span> <span class='ocrx_word' id='word_1_177' title='bbox 800 2231 931 2307; x_wconf 93' lang='lat' dir='ltr'>populum</span> <span class='ocrx_word' id='word_1_178' title='bbox 946 2241 986 2302; x_wconf 86' lang='lat' dir='ltr'>tu,</span> 
     </span>
     <span class='ocr_line' id='line_1_27' title="bbox 184 2308 989 2384; baseline 0 -20"><span class='ocrx_word' id='word_1_179' title='bbox 184 2308 282 2364; x_wconf 81' lang='lat' dir='ltr'>Servat</span> <span class='ocrx_word' id='word_1_180' title='bbox 295 2308 324 2364; x_wconf 93' lang='lat' dir='ltr'>iu</span> <span class='ocrx_word' id='word_1_181' title='bbox 338 2309 477 2384; x_wconf 89' lang='lat' dir='ltr'>ambiguo,</span> <span class='ocrx_word' id='word_1_182' title='bbox 491 2309 539 2382; x_wconf 92' lang='lat' dir='ltr'>qui</span> <span class='ocrx_word' id='word_1_183' title='bbox 553 2308 673 2365; x_wconf 90' lang='lat' dir='ltr'>consulit</span> <span class='ocrx_word' id='word_1_184' title='bbox 687 2320 715 2365; x_wconf 91' lang='lat' dir='ltr'>et</span> <span class='ocrx_word' id='word_1_185' title='bbox 727 2310 777 2365; x_wconf 94' lang='lat' dir='ltr'>tibi</span> <span class='ocrx_word' id='word_1_186' title='bbox 790 2320 819 2364; x_wconf 88' lang='lat' dir='ltr'>et</span> <span class='ocrx_word' id='word_1_187' title='bbox 833 2308 904 2379; x_wconf 86' lang='lat' dir='ltr'>urbi,</span> <span class='ocrx_word' id='word_1_188' title='bbox 986 2366 989 2375; x_wconf 26' lang='grc' dir='ltr'><strong><em>Δ</em></strong></span> 
     </span>
     <span class='ocr_line' id='line_1_28' title="bbox 184 2385 854 2463; baseline 0 -21"><span class='ocrx_word' id='word_1_189' title='bbox 184 2385 293 2461; x_wconf 86' lang='lat' dir='ltr'>Jupiter</span> <span class='ocrx_word' id='word_1_190' title='bbox 302 2387 328 2456; x_wconf 78' lang='lat'>;&#39;’</span> <span class='ocrx_word' id='word_1_191' title='bbox 343 2388 465 2463; x_wconf 85' lang='lat' dir='ltr'>Augusti</span> <span class='ocrx_word' id='word_1_192' title='bbox 476 2386 577 2444; x_wconf 88' lang='lat' dir='ltr'>laudes</span> <span class='ocrx_word' id='word_1_193' title='bbox 592 2406 744 2461; x_wconf 85' lang='lat' dir='ltr'>agnoscere</span> <span class='ocrx_word' id='word_1_194' title='bbox 757 2387 854 2461; x_wconf 89' lang='lat' dir='ltr'>possis.</span> 
     </span>
     <span class='ocr_line' id='line_1_29' title="bbox 183 2465 1115 2542; baseline 0 -21"><span class='ocrx_word' id='word_1_195' title='bbox 183 2465 284 2526; x_wconf 81' lang='lat' dir='ltr'>Quum</span> <span class='ocrx_word' id='word_1_196' title='bbox 296 2466 398 2541; x_wconf 81' lang='lat' dir='ltr'>pateris</span> <span class='ocrx_word' id='word_1_197' title='bbox 412 2467 522 2542; x_wconf 90' lang='lat' dir='ltr'>sapiens</span> <span class='ocrx_word' id='word_1_198' title='bbox 535 2466 754 2540; x_wconf 88' lang='lat' dir='ltr'>emendatusque</span> <span class='ocrx_word' id='word_1_199' title='bbox 768 2465 871 2536; x_wconf 87' lang='lat' dir='ltr'>vocari,</span> <span class='ocrx_word' id='word_1_200' title='bbox 1076 2468 1115 2526; x_wconf 79' lang='grc'>30</span> 
     </span>
     <span class='ocr_line' id='line_1_30' title="bbox 185 2544 925 2620; baseline -0.001 -20"><span class='ocrx_word' id='word_1_201' title='bbox 185 2544 388 2618; x_wconf 77' lang='lat' dir='ltr'>Respondesne</span> <span class='ocrx_word' id='word_1_202' title='bbox 402 2556 459 2617; x_wconf 86' lang='lat' dir='ltr'>tuo,</span> <span class='ocrx_word' id='word_1_203' title='bbox 474 2546 520 2602; x_wconf 88' lang='lat' dir='ltr'>dic</span> <span class='ocrx_word' id='word_1_204' title='bbox 534 2545 624 2615; x_wconf 89' lang='lat' dir='ltr'>sodes,</span> <span class='ocrx_word' id='word_1_205' title='bbox 638 2546 751 2601; x_wconf 85' lang='lat' dir='ltr'>nomine</span> <span class='ocrx_word' id='word_1_206' title='bbox 762 2544 925 2620; x_wconf 82' lang='lat' dir='ltr'>l-Nempe</span> 
     </span>
     <span class='ocr_line' id='line_1_31' title="bbox 184 2623 942 2699; baseline -0.001 -19"><span class='ocrx_word' id='word_1_207' title='bbox 184 2623 235 2680; x_wconf 91' lang='lat' dir='ltr'>Vir</span> <span class='ocrx_word' id='word_1_208' title='bbox 251 2625 337 2680; x_wconf 90' lang='lat' dir='ltr'>bonus</span> <span class='ocrx_word' id='word_1_209' title='bbox 351 2636 379 2680; x_wconf 91' lang='lat' dir='ltr'>et</span> <span class='ocrx_word' id='word_1_210' title='bbox 392 2626 515 2699; x_wconf 80' lang='lat' dir='ltr'>prudens</span> <span class='ocrx_word' id='word_1_211' title='bbox 528 2624 585 2680; x_wconf 85' lang='lat' dir='ltr'>dici</span> <span class='ocrx_word' id='word_1_212' title='bbox 599 2623 842 2699; x_wconf 64' lang='lat' dir='ltr'>delectos-Ego,</span> <span class='ocrx_word' id='word_1_213' title='bbox 856 2643 890 2681; x_wconf 88' lang='lat' dir='ltr'>ac</span> <span class='ocrx_word' id='word_1_214' title='bbox 904 2634 942 2680; x_wconf 91' lang='lat' dir='ltr'>tu.</span> 
     </span>
     <span class='ocr_line' id='line_1_32' title="bbox 183 2702 967 2775; baseline -0.004 -13"><span class='ocrx_word' id='word_1_215' title='bbox 183 2702 244 2762; x_wconf 78' lang='lat' dir='ltr'>Qui</span> <span class='ocrx_word' id='word_1_216' title='bbox 258 2702 335 2758; x_wconf 89' lang='lat' dir='ltr'>dedit</span> <span class='ocrx_word' id='word_1_217' title='bbox 349 2704 403 2759; x_wconf 90' lang='lat' dir='ltr'>hoc</span> <span class='ocrx_word' id='word_1_218' title='bbox 417 2703 509 2773; x_wconf 68' lang='lat' dir='ltr'>hodie,</span> <span class='ocrx_word' id='word_1_219' title='bbox 523 2721 595 2772; x_wconf 88' lang='lat' dir='ltr'>cras,</span> <span class='ocrx_word' id='word_1_220' title='bbox 610 2703 633 2758; x_wconf 91' lang='lat' dir='ltr'>si</span> <span class='ocrx_word' id='word_1_221' title='bbox 647 2703 728 2774; x_wconf 89' lang='lat' dir='ltr'>volet,</span> <span class='ocrx_word' id='word_1_222' title='bbox 743 2703 867 2772; x_wconf 84' lang='lat' dir='ltr'>auferet3</span> <span class='ocrx_word' id='word_1_223' title='bbox 890 2713 929 2775; x_wconf 90' lang='lat' dir='ltr'>ut,</span> <span class='ocrx_word' id='word_1_224' title='bbox 943 2702 967 2759; x_wconf 91' lang='lat' dir='ltr'>si</span> 
     </span>
     <span class='ocr_line' id='line_1_33' title="bbox 184 2779 803 2855; baseline 0.002 -19"><span class='ocrx_word' id='word_1_225' title='bbox 184 2779 323 2837; x_wconf 90' lang='lat' dir='ltr'>Detulerit</span> <span class='ocrx_word' id='word_1_226' title='bbox 337 2781 425 2838; x_wconf 84' lang='lat' dir='ltr'>fasces</span> <span class='ocrx_word' id='word_1_227' title='bbox 439 2781 564 2855; x_wconf 91' lang='lat' dir='ltr'>indigno,</span> <span class='ocrx_word' id='word_1_228' title='bbox 579 2781 706 2837; x_wconf 82' lang='lat' dir='ltr'>detrahet</span> <span class='ocrx_word' id='word_1_229' title='bbox 719 2783 803 2838; x_wconf 88' lang='lat' dir='ltr'>idem.</span> 
     </span>
     <span class='ocr_line' id='line_1_34' title="bbox 184 2859 1114 2934; baseline 0.003 -19"><span class='ocrx_word' id='word_1_230' title='bbox 184 2863 202 2888; x_wconf 89' lang='lat'>“</span> <span class='ocrx_word' id='word_1_231' title='bbox 213 2859 299 2930; x_wconf 87' lang='lat' dir='ltr'>Pone,</span> <span class='ocrx_word' id='word_1_232' title='bbox 313 2879 407 2917; x_wconf 88' lang='lat' dir='ltr'>meum</span> <span class='ocrx_word' id='word_1_233' title='bbox 421 2861 489 2930; x_wconf 88' lang='lat' dir='ltr'>est,&#39;’</span> <span class='ocrx_word' id='word_1_234' title='bbox 506 2859 601 2934; x_wconf 91' lang='lat' dir='ltr'>inquit.</span> <span class='ocrx_word' id='word_1_235' title='bbox 643 2860 732 2930; x_wconf 91' lang='lat' dir='ltr'>Pono,</span> <span class='ocrx_word' id='word_1_236' title='bbox 746 2860 886 2934; x_wconf 86' lang='lat' dir='ltr'>tristisque</span> <span class='ocrx_word' id='word_1_237' title='bbox 899 2859 1006 2917; x_wconf 86' lang='lat' dir='ltr'>recedo.</span> <span class='ocrx_word' id='word_1_238' title='bbox 1073 2861 1114 2918; x_wconf 82' lang='lat'>35</span> 
     </span>
     <span class='ocr_line' id='line_1_35' title="bbox 185 2935 861 3013; baseline 0.001 -21"><span class='ocrx_word' id='word_1_239' title='bbox 185 2935 265 2993; x_wconf 90' lang='lat' dir='ltr'>Idem</span> <span class='ocrx_word' id='word_1_240' title='bbox 279 2938 302 2994; x_wconf 89' lang='lat' dir='ltr'>si</span> <span class='ocrx_word' id='word_1_241' title='bbox 317 2938 418 2996; x_wconf 89' lang='lat' dir='ltr'>clamet</span> <span class='ocrx_word' id='word_1_242' title='bbox 432 2939 530 3009; x_wconf 77' lang='lat' dir='ltr'>furem,</span> <span class='ocrx_word' id='word_1_243' title='bbox 545 2948 629 3013; x_wconf 86' lang='lat' dir='ltr'>neget</span> <span class='ocrx_word' id='word_1_244' title='bbox 642 2957 703 2994; x_wconf 86' lang='lat' dir='ltr'>esse</span> <span class='ocrx_word' id='word_1_245' title='bbox 716 2939 861 3013; x_wconf 87' lang='lat' dir='ltr'>pudicum,</span> 
     </span>
     <span class='ocr_line' id='line_1_36' title="bbox 184 3014 892 3093; baseline 0.007 -24"><span class='ocrx_word' id='word_1_246' title='bbox 184 3014 343 3073; x_wconf 88' lang='lat' dir='ltr'>Contendat</span> <span class='ocrx_word' id='word_1_247' title='bbox 355 3018 455 3093; x_wconf 90' lang='lat' dir='ltr'>laqueo</span> <span class='ocrx_word' id='word_1_248' title='bbox 467 3018 571 3075; x_wconf 90' lang='lat' dir='ltr'>collum</span> <span class='ocrx_word' id='word_1_249' title='bbox 584 3017 716 3092; x_wconf 88' lang='lat' dir='ltr'>pressisse</span> <span class='ocrx_word' id='word_1_250' title='bbox 730 3027 892 3092; x_wconf 89' lang='lat' dir='ltr'>paternum;</span> 
     </span>
     <span class='ocr_line' id='line_1_37' title="bbox 185 3090 888 3171; baseline 0.009 -25"><span class='ocrx_word' id='word_1_251' title='bbox 185 3090 314 3150; x_wconf 77' lang='lat' dir='ltr'>Mordeat</span> <span class='ocrx_word' id='word_1_252' title='bbox 328 3097 482 3171; x_wconf 92' lang='lat' dir='ltr'>opprobriis</span> <span class='ocrx_word' id='word_1_253' title='bbox 496 3097 580 3166; x_wconf 83' lang='lat' dir='ltr'>salsis,</span> <span class='ocrx_word' id='word_1_254' title='bbox 594 3107 732 3153; x_wconf 82' lang='lat' dir='ltr'>mutemus</span> <span class='ocrx_word' id='word_1_255' title='bbox 747 3095 888 3153; x_wconf 85' lang='lat' dir='ltr'>coloreml</span> 
     </span>
     <span class='ocr_line' id='line_1_38' title="bbox 183 3168 872 3249; baseline 0.009 -24"><span class='ocrx_word' id='word_1_256' title='bbox 183 3168 283 3225; x_wconf 87' lang='lat' dir='ltr'>Falsus</span> <span class='ocrx_word' id='word_1_257' title='bbox 297 3173 383 3230; x_wconf 86' lang='lat' dir='ltr'>honor</span> <span class='ocrx_word' id='word_1_258' title='bbox 395 3175 472 3249; x_wconf 86' lang='lat' dir='ltr'>juvat.</span> <span class='ocrx_word' id='word_1_259' title='bbox 484 3186 514 3230; x_wconf 91' lang='lat' dir='ltr'>et</span> <span class='ocrx_word' id='word_1_260' title='bbox 526 3175 647 3231; x_wconf 87' lang='lat' dir='ltr'>mendax</span> <span class='ocrx_word' id='word_1_261' title='bbox 660 3175 775 3231; x_wconf 81' lang='lat' dir='ltr'>infamia</span> <span class='ocrx_word' id='word_1_262' title='bbox 788 3184 872 3232; x_wconf 90' lang='lat' dir='ltr'>terret</span> 
     </span>
     <span class='ocr_line' id='line_1_39' title="bbox 93 3248 1114 3324; baseline 0.01 -22"><span class='ocrx_word' id='word_1_263' title='bbox 93 3263 99 3272; x_wconf 90' lang='lat'><strong>·</strong></span> <span class='ocrx_word' id='word_1_264' title='bbox 130 3250 132 3256; x_wconf 88' lang='lat'>&#39;</span> <span class='ocrx_word' id='word_1_265' title='bbox 183 3248 289 3317; x_wconf 80' lang='lat' dir='ltr'>Quem,</span> <span class='ocrx_word' id='word_1_266' title='bbox 309 3251 363 3307; x_wconf 90' lang='lat' dir='ltr'>nisi</span> <span class='ocrx_word' id='word_1_267' title='bbox 391 3253 554 3307; x_wconf 82' lang='lat' dir='ltr'>mendosum</span> <span class='ocrx_word' id='word_1_268' title='bbox 575 3263 603 3307; x_wconf 89' lang='lat' dir='ltr'>et</span> <span class='ocrx_word' id='word_1_269' title='bbox 630 3253 851 3324; x_wconf 81' lang='lat' dir='ltr'>medicanduml</span> <span class='ocrx_word' id='word_1_270' title='bbox 890 3252 941 3310; x_wconf 89' lang='lat' dir='ltr'>Vir</span> <span class='ocrx_word' id='word_1_271' title='bbox 960 3253 1051 3312; x_wconf 88' lang='lat' dir='ltr'>bonus</span> <span class='ocrx_word' id='word_1_272' title='bbox 1070 3265 1114 3312; x_wconf 88' lang='lat' dir='ltr'>est</span> 
     </span>
     <span class='ocr_line' id='line_1_40' title="bbox 242 3326 1113 3390; baseline 0.002 -9"><span class='ocrx_word' id='word_1_273' title='bbox 242 3326 305 3382; x_wconf 82' lang='lat' dir='ltr'>uisl</span> <span class='ocrx_word' id='word_1_274' title='bbox 1074 3333 1113 3390; x_wconf 81' lang='grc'>40</span> 
     </span>
     <span class='ocr_line' id='line_1_41' title="bbox 183 3347 912 3484; baseline 0.004 -19"><span class='ocrx_word' id='word_1_275' title='bbox 183 3347 245 3466; x_wconf 77' lang='lat' dir='ltr'>le</span> <span class='ocrx_word' id='word_1_276' title='bbox 258 3406 384 3462; x_wconf 89' lang='lat' dir='ltr'>consulta</span> <span class='ocrx_word' id='word_1_277' title='bbox 396 3417 515 3481; x_wconf 88' lang='lat' dir='ltr'>patrum,</span> <span class='ocrx_word' id='word_1_278' title='bbox 525 3405 571 3481; x_wconf 89' lang='lat' dir='ltr'>qui</span> <span class='ocrx_word' id='word_1_279' title='bbox 585 3407 662 3483; x_wconf 83' lang='lat' dir='ltr'>leges</span> <span class='ocrx_word' id='word_1_280' title='bbox 673 3410 790 3484; x_wconf 81' lang='lat' dir='ltr'>juraque</span> <span class='ocrx_word' id='word_1_281' title='bbox 804 3421 912 3480; x_wconf 83' lang='lat' dir='ltr'>servat;</span> 
     </span>
     <span class='ocr_line' id='line_1_42' title="bbox 184 3485 874 3562; baseline 0.001 -17"><span class='ocrx_word' id='word_1_282' title='bbox 184 3485 252 3545; x_wconf 77' lang='lat' dir='ltr'>Quo</span> <span class='ocrx_word' id='word_1_283' title='bbox 265 3485 357 3542; x_wconf 78' lang='lat' dir='ltr'>multae</span> <span class='ocrx_word' id='word_1_284' title='bbox 371 3504 533 3560; x_wconf 74' lang='lat' dir='ltr'>magnaeque</span> <span class='ocrx_word' id='word_1_285' title='bbox 547 3499 676 3557; x_wconf 83' lang='lat' dir='ltr'>secantur</span> <span class='ocrx_word' id='word_1_286' title='bbox 687 3488 782 3562; x_wconf 85' lang='lat' dir='ltr'>judice</span> <span class='ocrx_word' id='word_1_287' title='bbox 795 3489 874 3559; x_wconf 87' lang='lat' dir='ltr'>lites;</span> 
     </span>
     <span class='ocr_line' id='line_1_43' title="bbox 184 3563 905 3640; baseline 0.008 -20"><span class='ocrx_word' id='word_1_288' title='bbox 184 3563 253 3625; x_wconf 80' lang='lat' dir='ltr'>Quo</span> <span class='ocrx_word' id='word_1_289' title='bbox 266 3583 310 3621; x_wconf 90' lang='lat' dir='ltr'>res</span> <span class='ocrx_word' id='word_1_290' title='bbox 324 3583 454 3640; x_wconf 86' lang='lat' dir='ltr'>sponsore</span> <span class='ocrx_word' id='word_1_291' title='bbox 468 3578 496 3622; x_wconf 91' lang='lat' dir='ltr'>et</span> <span class='ocrx_word' id='word_1_292' title='bbox 509 3583 563 3639; x_wconf 93' lang='lat' dir='ltr'>quo</span> <span class='ocrx_word' id='word_1_293' title='bbox 577 3582 668 3619; x_wconf 65' lang='lat' dir='ltr'>causae</span> <span class='ocrx_word' id='word_1_294' title='bbox 681 3576 752 3623; x_wconf 90' lang='lat' dir='ltr'>teste</span> <span class='ocrx_word' id='word_1_295' title='bbox 766 3578 905 3626; x_wconf 88' lang='lat' dir='ltr'>tenentur.</span> 
     </span>
     <span class='ocr_line' id='line_1_44' title="bbox 185 3643 862 3705; baseline 0.01 -7"><span class='ocrx_word' id='word_1_296' title='bbox 185 3643 242 3699; x_wconf 87' lang='lat' dir='ltr'>Sed</span> <span class='ocrx_word' id='word_1_297' title='bbox 257 3644 331 3700; x_wconf 86' lang='lat' dir='ltr'>videt</span> <span class='ocrx_word' id='word_1_298' title='bbox 345 3644 420 3704; x_wconf 87' lang='lat' dir='ltr'>hunc</span> <span class='ocrx_word' id='word_1_299' title='bbox 433 3644 524 3700; x_wconf 89' lang='lat' dir='ltr'>omnis</span> <span class='ocrx_word' id='word_1_300' title='bbox 538 3644 636 3701; x_wconf 92' lang='lat' dir='ltr'>domus</span> <span class='ocrx_word' id='word_1_301' title='bbox 649 3654 677 3699; x_wconf 90' lang='lat' dir='ltr'>et</span> <span class='ocrx_word' id='word_1_302' title='bbox 690 3644 792 3702; x_wconf 86' lang='lat' dir='ltr'>vicinia</span> <span class='ocrx_word' id='word_1_303' title='bbox 805 3658 862 3705; x_wconf 86' lang='lat' dir='ltr'>tota</span> 
     </span>
    </p>
   </div>
   <div class='ocr_carea' id='block_1_3' title="bbox 185 3720 847 3799">
    <p class='ocr_par' dir='ltr' id='par_1_3' title="bbox 185 3720 847 3799">
     <span class='ocr_line' id='line_1_45' title="bbox 185 3720 847 3799; baseline 0.008 -21"><span class='ocrx_word' id='word_1_304' title='bbox 185 3720 338 3779; x_wconf 90' lang='lat' dir='ltr'>Introrsum</span> <span class='ocrx_word' id='word_1_305' title='bbox 351 3734 468 3798; x_wconf 85' lang='lat' dir='ltr'>turpem,</span> <span class='ocrx_word' id='word_1_306' title='bbox 482 3723 639 3799; x_wconf 87' lang='lat' dir='ltr'>speciosum</span> <span class='ocrx_word' id='word_1_307' title='bbox 652 3722 723 3798; x_wconf 89' lang='lat' dir='ltr'>pelle</span> <span class='ocrx_word' id='word_1_308' title='bbox 737 3725 847 3783; x_wconf 67' lang='lat' dir='ltr'>decora.</span> 
     </span>
    </p>
   </div>
   <div class='ocr_carea' id='block_1_4' title="bbox 0 0 1227 4216">
    <p class='ocr_par' dir='ltr' id='par_1_4' title="bbox 0 0 1227 4216">
     <span class='ocr_line' id='line_1_46' title="bbox 0 0 1227 4216; baseline 0 0"><span class='ocrx_word' id='word_1_309' title='bbox 0 0 1227 4216; x_wconf 95' lang='lat' dir='ltr'> </span> 
     </span>
    </p>
   </div>
  </div>
 </body>
</html>
