2444 4216
169 216 224 276 tos
486 196 814 271 o‘aoaarrrrmocr

204 358 301 421 Quem
314 356 482 434 paupertatis
494 358 582 447 pudor
593 367 622 414 et
634 357 709 433 fuga,
723 357 801 414 dives
814 355 931 430 amicus,
969 380 970 383 ¹

206 434 288 513 Saepe
303 439 400 494 decem
415 435 487 492 vitiis
497 437 666 506 instructior,
679 437 738 493 odit
751 445 780 492 et
793 436 940 493 horret:

206 517 311 586 Aut,'
290 536 312 572 sr
324 534 379 572 non
392 514 460 583 odit,
474 515 560 594 regit;
582 533 625 584 ac,
640 515 764 571 veluti
738 533 783 589 pra
797 527 895 585 mater,

205 595 272 652 Plus
282 593 364 682 quam
379 612 408 649 se
422 612 518 689 sapere
532 604 560 649 et
573 593 719 650 virtutibus
727 612 793 650 esse
807 593 927 667 priorem

206 673 282 742 Vult,
295 685 324 730 et
337 673 375 728 ait
387 691 473 746 prope
488 690 567 729 tera:
588 677 606 702 “
622 671 696 728 Meae
712 671 894 748 (contendere
909 668 979 749 noli)

206 751 309 808 Stulti.
313 770 356 808 am
370 751 513 825 patiuntur
525 771 593 826 opes
601 771 608 820 ;
630 751 679 808 tibi
693 751 806 826 paruula
820 761 938 807 resest:

205 831 293 887 Arcta
306 830 388 886 decet
400 848 499 886 sanum
515 829 645 887 comitem
659 840 742 904 toga3
765 830 861 886 desine
875 847 986 885 mecum

205 909 328 964 Certare.
331 910 347 954 ’-'
388 907 557 983 Eutrapelus
571 909 729 982 cuicunque
743 927 845 965 nocere
859 908 966 965 volebat

205 987 381 1044 Vestimenta
393 988 477 1044 dabat
480 988 618 1077 pretiosa.
659 987 763 1044 Beatus
777 988 851 1043 enim
864 987 920 1062 jam

206 1065 280 1122 Cum
301 1066 413 1122 ›ulchris
427 1066 530 1123 tunicis
543 1076 635 1122 sumet
645 1085 717 1122 nova
730 1065 848 1122 consilia
861 1077 889 1122 et
903 1084 983 1140 spes3

204 1144 353 1201 Dormiat
346 1164 374 1200 rn
389 1135 495 1215 lucern3
516 1157 607 1202 scorto
620 1155 767 1220 postponet
780 1146 929 1201 honestum

204 1222 354 1291 Officium3
375 1242 504 1282 nummos
515 1224 621 1280 alienos
633 1234 744 1299 pascet3
766 1224 822 1280 ad
816 1242 901 1279 rmum

181 1317 184 1324 ’
206 1301 304 1358 Thrax
318 1303 380 1373 erit,
394 1314 442 1360 aut
455 1304 560 1360 olitoris
574 1313 638 1378 aget
649 1303 779 1358 mercede
793 1302 939 1358 caballum.

245 1382 389 1437 Arcanum
403 1400 493 1456 neque
507 1393 537 1438 tu
551 1381 718 1437 scrutaberis
732 1381 815 1437 ullius
829 1400 951 1455 unquam
959 1401 967 1451 ;

205 1459 447 1534 commissumque
460 1471 547 1535 teges,
562 1472 590 1516 et
604 1460 667 1515 vino
680 1470 767 1516 tortus
781 1471 808 1516 et
823 1461 871 1518 ira.

205 1536 270 1595 Nec
283 1550 331 1595 tua
344 1538 470 1594 laudabis
483 1539 583 1609 studia,
597 1549 646 1594 aut
660 1539 750 1594 aliena
764 1537 930 1613 reprendes;

205 1616 279 1687 Nec,
292 1635 377 1690 quum
392 1617 485 1672 venari
500 1618 571 1673 volet
586 1617 641 1687 ille,
656 1623 786 1690 poemata
799 1636 913 1693 pangas.

204 1695 302 1752 Gratia
315 1695 356 1750 sic
371 1695 483 1751 fratrum
497 1695 682 1770 geminorum,
697 1696 865 1770 Amphionis
878 1707 960 1772 atque

206 1773 302 1844 Zethi,
316 1774 445 1845 dissiluit,
460 1775 550 1831 donec
564 1785 693 1848 suspecta
707 1793 803 1830 severo

205 1851 349 1910 Conticuit
362 1853 428 1926 lyra.
468 1851 610 1909 Fraternis
634 1852 752 1909 cessisse
765 1863 877 1926 putatur

196 1929 333 1988 ¹Moribus
345 1931 488 2006 Amphion
499 1951 505 1988 :
525 1943 556 1987 tu
567 1933 636 1988 cede
647 1931 864 2006 potentis'amici

205 2009 330 2067 Lenibus
344 2011 466 2084 imperiis
474 2031 481 2079 ;
502 2011 662 2085 quotiesque
676 2011 778 2066 educet
791 2011 821 2066 in
836 2027 916 2084 agros

206 2089 307 2145 AEtolis
319 2100 434 2146 onerata
447 2089 536 2165 plagis
546 2090 672 2164 jumenta
686 2107 834 2162 canesque,

205 2168 306 2243 Surge,
321 2178 349 2223 et
363 2168 523 2223 inhumanae
538 2169 646 2224 senium
661 2169 769 2242 depone
781 2168 935 2240 Camoenre,

204 2246 308 2303 Coenes
322 2257 352 2302 ut
365 2246 466 2320 pariter
478 2247 622 2320 pulmenta
636 2247 776 2304 laboribus
789 2259 889 2321 empta.

169 2352 174 2365 ·
205 2325 342 2382 Romanis
356 2325 480 2381 solemne
492 2325 556 2381 viris
569 2344 648 2399 opus,
664 2325 731 2380 utile
746 2325 836 2395 fante,

205 2405 332 2478 Vitaeque
340 2414 368 2461 et
382 2405 512 2461 membris
520 2424 527 2473 ;
548 2404 699 2478 presertim
710 2422 794 2478 quum
807 2403 907 2475 valeas,
917 2414 947 2463 et

205 2483 258 2539 Vel
273 2501 356 2539 cursu
371 2501 501 2558 superare
511 2502 624 2554 canem,
639 2483 681 2538 vel
694 2483 797 2540 viribus
811 2501 919 2558 aprum,

205 2562 316 2620 Possis:
338 2562 419 2632 adde,
434 2561 522 2633 virilia
534 2559 608 2637 qudd
623 2559 776 2636 speciosius
790 2580 866 2618 arma

205 2641 271 2698 Nou
286 2640 387 2714 estqui
402 2652 520 2698 tractet:
541 2642 597 2698 scis
610 2661 665 2716 quo
678 2642 800 2698 clamore
814 2660 924 2698 corono

205 2720 308 2777 Proelia
320 2719 457 2776 sustineas
471 2721 652 2794 campestria:
674 2720 794 2794 denique
809 2739 909 2777 saevam

206 2798 338 2856 Militiam
351 2816 419 2872 puer
433 2810 461 2854 et
469 2797 638 2855 Cantabrica
653 2799 726 2855 bella
739 2799 825 2856 tulisti

205 2879 265 2935 Sub
279 2878 351 2933 duce
364 2876 411 2950 qui
425 2876 535 2952 templis
549 2877 712 2934 Parthorum
727 2877 807 2952 signa
821 2877 912 2953 religit

204 2956 301 3026 Nunc,
315 2967 343 3014 et
357 2956 379 3011 si
393 2955 460 3030 quid
475 2956 562 3026 abest,
577 2955 656 3012 Italis
669 2956 810 3031 adjudicat
825 2957 916 3014 armis

205 3033 260 3104 Ac,
274 3052 310 3090 ne
324 3047 351 3091 te
365 3033 498 3107 retrahas,
512 3045 540 3091 et
554 3002 750 3092 inexcusabilis
765 3035 865 3106 obstes,

204 3111 342 3172 Quamvis
355 3112 393 3168 nil
408 3126 485 3170 extra
499 3133 645 3171 numerum
661 3115 760 3171 secisse
774 3115 942 3190 modumque

205 3189 304 3260 Coras,
319 3191 456 3248 interdurn
471 3193 585 3281 nugaris
598 3212 662 3250 rure
675 3204 807 3268 paterno:

205 3267 325 3325 Partitur
339 3269 436 3327 lintres
449 3272 604 3339 exercitus;
627 3273 712 3328 Actia
724 3290 819 3346 pugna

205 3347 250 3404 'I'e
264 3349 336 3404 duce
350 3368 399 3423 per
412 3367 513 3424 pueros
528 3315 621 3405 hostili
636 3369 711 3406 more
725 3350 857 3418 refertum

205 3427 389 3483 Adversarius
402 3441 444 3484 est
458 3427 556 3496 frater;
577 3428 665 3497 lacus,
677 3428 801 3495 Hadria3
822 3429 914 3486 donec

205 3505 379 3563 Alterutrum
394 3506 472 3563 velox
486 3506 600 3563 victoria
614 3505 710 3562 fronde
721 3518 845 3564 coronet.

205 3584 373 3641 Consentire
387 3585 446 3640 suis
459 3585 558 3642 studiis
570 3583 618 3660 qui
632 3585 782 3642 crediderit
795 3596 833 3657 te,

204 3661 308 3719 Fautor
322 3674 438 3746 utroque
452 3673 531 3720 tuum
545 3664 669 3721 laudabit
682 3665 782 3739 pollice
798 3634 901 3723 ludum.

243 3730 374 3800 Protinus
385 3752 416 3798 ut
429 3760 568 3815 moneam,
581 3742 686 3819 siquid
700 3744 844 3802 monitoris
856 3763 924 3822 eges
936 3756 978 3818 tu,

68 3838 241 3968 H
