2444 4216
126 526 353 624 ouium
395 527 671 603 nonium
711 529 950 606 nuncet

380 776 698 842 CARMINUM

406 1021 513 1070 LIBER
529 1021 670 1072 PRIMUS.

481 1460 566 1519 ODE
585 1458 609 1518 I.

407 1598 447 1636 An
468 1598 674 1638 MAECENATEM.

207 1697 372 1769 Macarius,
387 1698 474 1755 atavis
488 1699 562 1757 edite
577 1699 701 1775 regibus,

204 1778 234 1836 0
247 1789 275 1836 et
288 1777 448 1854 presidium
462 1789 490 1835 et
503 1779 586 1835 dulce
600 1779 687 1835 decus
701 1781 810 1837 meum!

205 1860 279 1916 Sunt
292 1876 361 1932 quos
375 1857 514 1915 curriculo
524 1859 665 1932 pulverem
676 1858 860 1935 *Olympicum

205 1937 360 2014 Collegisse
372 1937 462 2012 juvat3
484 1949 614 2012 metuque
628 1938 740 1994 fervidis

204 2016 315 2074 Evitata
328 2016 404 2087 rotis,
417 2015 563 2092 palmaque
578 2017 688 2088 nobilis,

205 2095 358 2154 Terrarum
372 2096 501 2153 dominos
514 2096 607 2153 evehit
620 2097 655 2153 ad
670 2098 751 2154 deos·

204 2175 301 2247 Hunc,
316 2175 339 2232 si
353 2174 497 2233 mobilium
511 2177 593 2234 turba
605 2176 761 2251 Quiritium

202 2255 301 2313 Certat
314 2255 478 2331 tergeminis
491 2256 587 2312 tollere
602 2256 770 2326 honoribus;

203 2331 299 2402 Illum,
313 2335 336 2390 si
350 2335 460 2411 proprio
474 2336 601 2392 condidit
614 2335 713 2393 horreo

201 2413 351 2488 Quidquid
365 2414 400 2469 de
416 2414 530 2489 Libycis
545 2414 660 2470 verritur
675 2413 755 2469 areis

203 2493 382 2550 Gaudentem
396 2494 500 2566 patrios
510 2493 618 2548 findere
633 2491 742 2547 sarcqu

201 2573 296 2647 Agros
310 2570 440 2626 Attalicis
454 2569 661 2626 conditionibus
755 2598 757 2605 ·

202 2649 356 2723 Nunquam
371 2648 512 2704 dimoveas
526 2660 557 2706 ut
570 2650 648 2706 trabe
663 2648 768 2724 Cypriis

202 2729 346 2805 Myrtoi'rm
360 2728 476 2803 pavidus
490 2739 575 2785 nauta
588 2740 665 2786 secet
679 2748 762 2785 mare.

202 2809 370 2866 Luctantem
386 2806 485 2864 Icariis
498 2807 629 2865 fluctibus
645 2808 776 2865 Africum

204 2887 345 2945 Mercator
359 2898 498 2958 metuens,
512 2888 599 2944 otium
612 2899 640 2944 et
653 2888 748 2962 oppidi

202 2967 312 3024 Laudat
325 2984 390 3023 rura
400 2966 461 3021 sui:
482 2985 547 3022 mox
560 2966 650 3022 reficit
665 2978 738 3022 rates

198 3046 338 3116 Quassus
352 3044 482 3101 indocilis
495 3045 656 3120 pauperiem
670 3045 735 3120 pati.

201 3124 253 3182 Est
265 3125 312 3200 qui
326 3143 380 3180 nec
394 3123 496 3180 veteris
509 3125 609 3199 pocula
623 3123 748 3197 Massici,

200 3204 265 3262 Nec
278 3214 384 3279 partem
399 3203 488 3260 solido
502 3203 615 3261 demere
629 3204 664 3261 de
678 3204 724 3261 die

201 3284 325 3360 Spernit,
340 3302 417 3340 nunc
431 3283 511 3340 viridi
526 3285 652 3341 membra
665 3285 718 3340 sub
731 3285 829 3343 arbuto

200 3365 319 3434 Stratus,
333 3381 411 3419 nunc
425 3363 459 3418 ad
474 3382 551 3438 uquae
565 3365 628 3420 lene
642 3375 726 3439 caput
740 3382 835 3421 sacrae.

200 3442 306 3500 Multos
320 3454 411 3499 castra
422 3442 528 3518 juvant,
542 3455 571 3500 et
584 3444 652 3500 lituo
665 3443 739 3499 tubae

200 3522 359 3580 Permixtus
371 3523 488 3594 sonitus,
504 3523 630 3597 bellaque
644 3523 779 3579 matribus

201 3600 353 3660 Detestata.
396 3601 494 3659 Manet
508 3603 560 3658 sub
574 3602 643 3660 Jove
659 3601 760 3678 frigido

201 3680 335 3753 Venator,
349 3692 453 3740 tenere
466 3681 596 3758 conjugis
608 3682 767 3750 immemor;

282 3761 297 3819 l
