2444 4216
363 159 560 212 oraminum
576 161 641 215 us
659 164 708 232 nr.

204 301 302 378 Impiae
316 320 431 378 sponsos
444 300 561 379 potuere
575 304 646 362 duro

396 381 518 447 Perdere
532 383 621 440 ierrol

203 458 268 517 Una
280 460 315 516 de
329 461 435 531 multis,
450 460 511 517 faoe
525 462 643 538 nuptiali

204 538 307 615 Digna,
321 539 462 616 perjurum
477 539 529 596 fuit
542 540 571 596 in
585 552 729 615 parentem

205 616 359 694 Splendidd
372 619 506 689 mendax,
519 630 547 675 et
559 619 589 677 iu
602 638 687 679 omne
700 622 778 698 virgo

398 696 511 755 Nobilis
525 716 632 755 aerum:

205 780 223 806 ‘⁴
233 777 352 853 Surge,''
366 795 429 852 quae
443 776 513 835 dixit
523 777 620 852 juveni
634 779 745 851 marito,

205 859 222 886 “
230 857 330 932 Surge,
344 874 381 912 ne
394 855 496 931 longus
510 856 560 913 tibi
574 875 698 929 somnus,
714 858 789 915 unde

204 933 270 994 Non
284 935 375 1006 times,
390 936 488 999 detur:
508 954 637 995 socerum
651 948 679 995 et
693 937 826 999 soeleslas

396 1013 476 1073 Folle
489 1033 613 1085 sorores3

202 1092 288 1165 Qure,
302 1093 377 1151 velut
390 1104 481 1152 naetre
494 1094 596 1151 vitulos
608 1095 717 1168 leaenae,

205 1173 346 1248 Singulos,
359 1173 449 1230 eheul
470 1171 603 1229 lacerant.
645 1172 717 1248 Ego,
731 1172 785 1230 illis

204 1245 327 1323 Mollior,
341 1261 437 1307 neore
452 1250 560 1320 seriam,
574 1269 665 1324 neque
679 1251 752 1309 intra

399 1327 530 1389 Claustra
543 1329 655 1387 tenebo.

204 1407 255 1465 Me
267 1417 346 1483 pater
360 1406 439 1463 savis
452 1417 550 1464 oneret
563 1409 681 1480 eatenis,
759 1423 761 1426 ’

202 1483 293 1548 Qubd
306 1486 364 1543 viro
377 1487 502 1551 clemens
516 1487 621 1545 misero
632 1489 761 1565 peperoi;

205 1565 254 1624 Me
266 1567 310 1624 vel
323 1577 462 1624 extremos
475 1565 665 1627 Numidarum
678 1568 709 1629 in
723 1587 806 1646 agros

274 1709 279 1718 ,
398 1645 497 1703 Classe
511 1645 624 1722 releget.

204 1725 219 1784 1
231 1726 319 1802 pedes
331 1721 388 1799 qud
401 1735 429 1782 te
443 1725 555 1800 rapiunt
568 1736 596 1783 et
610 1745 695 1799 aure,

203 1805 280 1863 Dum
294 1804 366 1861 favet
378 1823 435 1862 uox
447 1814 476 1862 et
489 1805 605 1864 Venus:
626 1806 635 1861 i
649 1807 775 1865 seeundo

202 1882 317 1956 Omine,
331 1895 360 1943 et
372 1884 460 1943 nostri
473 1901 626 1942 memorem
640 1885 769 1961 sepulum

397 1962 499 2039 Soalpe
512 1963 683 2040 querelam.'¹

452 2262 536 2339 oon
556 2279 611 2340 rx.

337 2417 377 2456 AD
396 2416 519 2456 FONTEM
540 2417 724 2459 BANDUSIUM.

202 2516 231 2576 Ο
245 2534 319 2573 rous
333 2516 497 2587 Bandusiae,
509 2516 681 2591 splendidior
695 2516 775 2589 vitro,

201 2593 287 2652 Daiei
300 2594 385 2668 digne
399 2613 478 2650 mero
490 2612 548 2649 non
562 2593 623 2651 sine
637 2593 762 2668 floribus,

396 2670 468 2727 Cras
481 2671 630 2729 donaberis
643 2673 734 2747 hado,
775 2733 780 2746 ,

358 2749 413 2808 Cui
428 2750 506 2808 frons
517 2752 628 2828 turgida
642 2753 774 2811 cornibus

201 2829 313 2901 Primis,
327 2840 355 2887 et
368 2828 509 2887 Venerem
523 2841 551 2888 et
563 2831 662 2908 proelia
674 2833 812 2891 destinat:

201 2907 317 2968 Frustra
324 2929 332 2980 ;
352 2926 418 2966 nam
431 2909 539 2984 gelidos
553 2911 660 2966 inficiet
671 2911 722 2967 tibi

394 2987 495 3045 Rubro
508 2988 646 3060 sanguine
661 2988 733 3045 rivos

355 3065 468 3123 Laseivi
482 3065 591 3122 soboles
604 3066 706 3141 gregis.

201 3146 247 3205 Te
260 3145 404 3223 flagrantis
418 3154 494 3200 atrox
513 3145 581 3200 hora
595 3144 740 3203 Caniculae

200 3225 300 3284 Nescit
312 3238 443 3300 tangere:
465 3233 494 3278 tu
509 3222 595 3300 frigus
608 3225 727 3284 amabile

394 3301 489 3363 Fessis
502 3320 613 3363 vomere
626 3306 712 3363 lauris

283 3448 286 3463 ‚
354 3383 467 3441 Praebes
479 3392 508 3440 et
520 3383 615 3458 pecori
627 3402 704 3461 rago.

200 3461 267 3520 Fies
280 3463 414 3521 nobilium
428 3473 458 3519 tu
472 3481 584 3538 quoque
594 3463 722 3537 sontium,

203 3540 253 3599 Me
266 3542 377 3603 dicente
391 3542 467 3599 oanis
480 3543 638 3618 impositam
648 3543 743 3601 ilioem

394 3621 484 3694 Saxis,
498 3623 575 3679 unde
588 3623 718 3696 loquaoes

355 3699 490 3776 Lympbe
504 3701 637 3760 desiliunt
649 3712 712 3761 tue.
