2444 4216
144 206 186 267 ω
470 203 502 259 Q.
519 201 663 255 HORATII
679 201 802 252 FLACGI

186 347 303 424 Urgeris
315 347 398 405 turbt
411 345 518 402 circum
533 355 561 401 te
572 354 673 415 stante,
687 344 826 419 miserque
1068 348 1126 411 135

186 426 341 504 Rumperis
354 437 383 484 et
395 425 489 496 latres,
503 441 669 498 magnorum
682 425 803 481 maxime
816 444 924 501 regum.

185 506 232 564 Ne
246 506 360 582 longum
375 504 491 561 faciam:
512 503 580 558 dum
594 513 625 560 tu
638 503 792 576 quadrante
806 505 930 564 lavatum

184 585 251 642 Rex
262 586 323 655 ibis,
338 602 429 657 neque
443 593 471 639 te
484 582 630 656 quisquam
644 581 767 656 stipator,
782 584 908 658 ineptum

184 663 289 721 Praeter
303 662 474 737 Crispinum,
488 659 656 729 sectabitur;
678 671 706 716 et
720 661 789 718 milri
802 661 901 720 dulces

185 742 348 818 Ignoscent,
362 741 386 797 si
400 740 468 815 quid
481 757 637 815 peccavero
650 740 760 811 stultus,
775 741 875 812 amici;
1066 744 1124 803 140

185 820 274 896 Inque
287 821 377 877 vicem
392 820 501 876 illorum
514 819 603 893 patiar
617 818 720 875 delicta
733 819 861 893 libenter,
896 863 898 866 ψ
935 875 938 881 ,

184 900 365 975 Privatusque
379 895 471 974 magis
483 898 573 955 vivam
586 908 615 953 te
628 915 695 972 rege
710 897 817 956 beatus.
892 916 896 923 ’

490 1092 778 1112 ῢ--ἆ--ι-ι-ι-ι

523 1229 752 1319 sauritim.
870 1211 873 1218 ’

185 1376 313 1436 Eunoms
328 1388 409 1451 atque
423 1374 557 1432 Cratinus
570 1375 840 1450 Aristophanesque,
853 1379 954 1451 poetae,

186 1458 280 1532 Atque
294 1456 341 1512 alii
353 1473 471 1530 quorum
485 1454 624 1511 comoedia
636 1455 729 1531 prisca
742 1455 862 1512 virorum
876 1466 928 1528 est,

187 1536 218 1592 Si
231 1536 293 1610 quis
306 1545 365 1590 erat
377 1534 481 1609 dignus
494 1533 625 1603 describi,
639 1531 715 1608 qudd
730 1534 828 1604 malus,
849 1545 897 1591 aut
911 1535 964 1607 fur,

184 1611 274 1676 Quod
288 1613 415 1670 moechus
430 1613 509 1684 foret,
524 1623 572 1669 aut
585 1612 712 1684 sicarius,
727 1624 775 1670 aut
788 1612 890 1688 alioqui

186 1693 333 1763 Famosus,
347 1693 435 1749 multi
449 1710 514 1748 curn
530 1692 656 1749 libertate
670 1693 813 1750 notabant.

187 1771 265 1829 Hinc
278 1772 369 1830 omnis
382 1772 485 1847 pendet
501 1771 636 1842 Lucilius,
651 1773 736 1828 hosce
750 1782 893 1847 sequutus,

186 1850 304 1908 Mutatis
316 1848 426 1909 tantirm
439 1850 559 1927 pedibus
573 1851 765 1924 numerisque;
787 1852 905 1923 facetus,
925 1892 928 1899 -

187 1930 335 1988 Emunctae
349 1930 435 1998 naris,
449 1931 536 1986 durus
550 1948 718 2004 componere
732 1948 835 1986 versus
885 1986 888 1991 ,

187 2010 262 2066 Nam
278 2010 330 2067 fuit
343 2010 396 2066 hoc
411 2010 541 2078 vitiosus3
563 2010 592 2066 in
607 2009 675 2066 hori
690 2005 765 2084 saepd
779 2009 928 2081 ducentos,

188 2089 226 2145 Ut
238 2107 382 2163 magnum,
396 2107 492 2145 versus
506 2088 639 2159 dictabat,
654 2099 730 2144 stans
743 2089 815 2163 pede
829 2090 858 2145 in
873 2106 938 2145 unu.
1089 2091 1126 2148 lu

186 2167 285 2229 Quum
300 2166 399 2223 flueret
413 2166 575 2239 lutulentus,
590 2178 649 2224 erat
659 2169 734 2242 quod
748 2169 844 2224 tollere
858 2166 958 2224 velles:

187 2245 332 2316 Garrulus,
347 2256 430 2320 atque
443 2245 522 2321 piger
536 2247 677 2303 scribendi
693 2247 764 2303 ferre
778 2247 912 2318 laborem,

189 2326 337 2383 Scribendi
351 2321 446 2393 rectti3
468 2343 532 2381 nam
546 2336 578 2380 ut
591 2322 722 2394 multam,
736 2325 775 2380 nil
790 2342 889 2381 moror.
931 2324 1018 2399 Ecce,

188 2405 336 2480 Crispinus
350 2404 466 2460 minimo
480 2421 525 2459 me
538 2404 837 2479 provocat—Accipe,
851 2403 875 2459 si
889 2403 940 2476 vis,

189 2485 298 2559 Accipe
311 2484 367 2559 jam
381 2483 507 2550 tabulas;
528 2483 609 2538 detur
623 2482 704 2538 nobis
717 2482 805 2554 locus,
820 2483 897 2554 bora,
1090 2485 1126 2543 15

188 2563 345 2631 Custodes;
366 2563 511 2619 videamus
525 2573 586 2619 uter
599 2561 662 2636 plus
673 2562 795 2619 scribere
808 2562 936 2636 possit.-

189 2641 227 2700 Di
242 2643 314 2698 bene
329 2643 466 2714 fecerunt,
481 2642 573 2716 inopis
586 2659 631 2697 me
645 2638 777 2716 qubdque
790 2641 883 2716 pusilli

189 2721 346 2778 Finxerunt
360 2721 456 2790 animi,
471 2718 538 2776 rard¹
549 2731 577 2776 et
590 2739 731 2795 perpauca
744 2721 899 2795 loquentis:

190 2801 230 2856 At
243 2811 275 2856 tu
287 2798 565 2860 conclusasbircinis
579 2799 690 2855 follibus
704 2819 795 2870 auras,

189 2879 284 2954 Usque
297 2879 465 2950 laborantes
479 2879 546 2933 ilum
562 2877 664 2933 serrum
679 2879 785 2935 molliat
799 2878 881 2953 ignis,
1014 2944 1017 2952 ¹
1087 2880 1128 2938 20

189 2957 227 3014 Ut
240 2958 337 3030 mavis,
352 2957 461 3015 imitare
531 2957 635 3013 Beatus
650 2956 787 3028 Faunine,
802 2958 873 3015 ultro

189 3034 298 3093 Delatis
311 3038 402 3112 capsis
416 3049 445 3094 et
459 3037 596 3112 imagine!
616 3056 702 3111 quum
712 3056 780 3094 ⁴meu
793 3055 877 3093 nemo

191 3115 301 3189 Scripta
314 3116 397 3189 legat,
411 3117 496 3190 vulgo
509 3116 627 3173 recitare
640 3117 774 3188 timentis,
788 3116 824 3173 ob
839 3117 912 3174 hanc
925 3135 995 3189 rem,

188 3190 278 3255 Quod
292 3204 366 3263 sunt,
380 3213 449 3268 quos
462 3213 551 3268 genus
566 3196 619 3251 hoc
632 3193 749 3253 minime
761 3196 848 3271 juvat,
862 3207 958 3272 utpote
970 3195 1065 3273 plnres

190 3272 304 3346 Culpari
319 3272 427 3346 dignos
460 3270 600 3332 Quemvis
614 3276 708 3331 medii
722 3294 788 3331 erue
802 3277 900 3332 turbis:
1087 3276 1129 3334 25

190 3353 250 3409 Aut
263 3351 300 3409 ob
313 3351 466 3421 avaritiam,
476 3360 525 3406 aut
534 3351 636 3422 miserit
651 3353 802 3411 ambitione
816 3354 930 3413 laborat.

188 3427 278 3488 Hunc
291 3431 366 3506 capit
379 3429 486 3505 argenti
501 3429 647 3504 splend0r3
669 3443 761 3506 stupet
775 3431 876 3489 Albius
890 3453 962 3492 aere:

191 3509 249 3568 Hic
263 3521 351 3568 mutat
366 3528 473 3566 merces
487 3520 619 3584 surgente
633 3528 650 3565 a
663 3510 722 3566 sole
736 3511 770 3566 ad
785 3529 849 3567 eum
864 3532 919 3587 quo

190 3589 358 3666 Vespertina
371 3600 447 3664 tepet
460 3589 551 3664 regi03
571 3588 640 3662 quin
653 3607 702 3664 per
716 3589 789 3645 mala
802 3609 927 3668 praeceps

191 3668 302 3741 Fertur,
316 3666 357 3727 uti
370 3669 461 3745 pulvis
473 3669 606 3726 collectus
620 3666 741 3738 turbine,
757 3670 874 3744 nequid
1088 3671 1128 3729 30

191 3747 309 3809 Summi
322 3749 457 3826 deperdat
468 3759 606 3822 metuens,
620 3758 669 3806 aut
681 3748 795 3825 ampliet
807 3762 839 3808 ut
852 3769 920 3808 rem.
