2444 4216
438 214 470 272 Q.
486 211 632 262 HORATII
647 210 771 260 raach

506 432 590 493 ona
609 432 706 492 xxv.
810 416 811 422 ‘

501 569 541 608 An
554 569 708 610 VENEREM.

274 671 303 730 Ο
315 670 432 741 Vanus,
445 668 544 744 regina
556 669 644 727 Gnidi
658 668 811 744 Paphique,

274 752 383 826 Sperne
396 748 528 806 dilectam
541 747 664 824 Cypron,
679 758 707 804 et
720 747 844 805 vocantis

274 828 376 888 Thure
389 839 417 886 te
430 827 519 884 multo
528 827 656 901 Glycerae
671 828 802 884 decoram

470 936 475 947 -
509 905 646 963 Transfer
659 906 689 962 in
704 906 801 962 aedem.

275 985 413 1043 Fervidus
424 996 520 1041 tecum
532 1003 611 1060 puer,
626 995 655 1041 et
668 984 765 1041 solutis

275 1065 380 1122 Gratiae
394 1063 483 1135 zonis,
497 1073 701 1139 properentque
714 1062 864 1138 Nymphae,

276 1142 314 1201 Et
326 1161 425 1220 parum
439 1142 528 1200 comis
540 1143 600 1199 sine
614 1153 642 1199 te
656 1141 674 1198 J
676 1151 801 1219 uventas,

508 1219 731 1297 Mercuriusque.

500 1529 584 1588 ODE
603 1530 717 1590 XXVI.

492 1666 531 1706 AD
545 1667 724 1708 APOLLINEM.

277 1770 361 1833 Qum
375 1766 537 1825 dedicatum
550 1768 641 1843 poscit
654 1767 817 1844 Apollinem

277 1848 385 1910 Vateal
405 1846 472 1921 quid
485 1857 555 1917 orat,
569 1847 605 1903 de
618 1847 715 1922 patera
729 1867 831 1905 novum

315 1926 452 1986 Fundens
465 1925 619 1999 liquorem?
659 1925 727 1982 Non
739 1927 847 2002 opimas

357 2005 495 2063 Sardinia
509 2015 619 2081 segetes
633 2005 748 2076 feracis3

278 2085 345 2144 Non
360 2094 485 2140 astuosae
499 2095 578 2159 grata
592 2083 731 2142 Calabriae

279 2166 418 2223 Armenta
426 2182 434 2231 ;
455 2180 514 2218 non
528 2181 627 2219 aurum
642 2173 690 2220 aut
702 2165 771 2222 ebur
786 2163 936 2235 Indicum3

317 2240 384 2299 Non
397 2259 463 2296 rura
474 2258 536 2314 quae
550 2240 623 2297 Liris
636 2242 731 2317 quieti

358 2318 471 2376 Mordet
485 2319 566 2394 aqua,
581 2320 738 2378 taciturnus
751 2322 851 2381 amnis.

232 2416 234 2419 ’
279 2399 413 2459 Premant
426 2396 535 2454 Calena
549 2397 630 2469 falce,
644 2399 745 2474 quibus
759 2401 837 2458 dedit

279 2480 415 2549 Fortuna,
428 2477 530 2535 vitem:
545 2477 623 2534 dives
636 2488 664 2534 et
678 2478 769 2536 aureis
811 2504 819 2524 ν

320 2557 462 2615 Mercator
475 2555 599 2613 exsiccet
611 2557 724 2614 culullis

357 2635 433 2692 Vina
446 2636 518 2709 Syria
531 2647 659 2710 reparata
670 2655 775 2709 merce,

280 2714 334 2774 Dis
347 2731 429 2771 carus
443 2713 526 2787 ipsis3
547 2714 648 2788 quippe
662 2726 704 2772 ter
718 2726 746 2772 et
759 2726 856 2790 quater

280 2797 369 2853 Anno
381 2791 506 2875 repisens
520 2809 612 2865 aequor
626 2792 803 2850 Atlanticum

320 2867 451 2949 Impune.
492 2867 542 2926 Me
555 2880 673 2944 pascant
691 2871 781 2944 olivae,

359 2954 409 3011 Me
422 2950 562 3021 cichorea,
575 2949 705 3023 levesque
718 2948 825 3008 malvae.

282 3032 351 3090 Frui
364 3030 467 3109 paratis
480 3040 509 3087 et
522 3028 613 3086 valido
626 3028 705 3102 mihi,

282 3112 382 3185 Latoo,
397 3113 494 3181 dones,
508 3120 545 3180 et,
556 3121 664 3184 precor,
679 3109 790 3184 integri

322 3191 397 3249 Cum
410 3199 519 3256 mente3
539 3206 593 3245 nec
607 3198 717 3264 turpem
730 3198 874 3248 senectam

360 3267 481 3346 Degere,
494 3284 549 3325 nec
562 3266 671 3327 cithari
685 3277 836 3327 carentem.

1081 2091 1103 2148 5
