2444 4216
121 214 178 276 rso
436 213 467 271 o.
485 209 629 263 noman
646 208 768 262 macor

155 354 254 416 Tantd
267 357 347 436 plura
360 358 449 433 oupis,
462 357 569 415 nulline
583 356 694 413 faterier
708 355 815 412 andesl

155 437 189 494 si
203 438 303 505 vulnus
316 436 365 493 tibi
378 435 532 493 monstrati
546 435 641 492 radioe
654 433 697 490 rel
711 434 800 491 herba

156 513 225 574 Non
238 516 317 572 fieret
328 513 424 585 levius,
439 512 558 589 fugeres,
573 513 668 570 radios
681 513 723 569 rel
738 511 826 568 herb&
1036 517 1089 574 150
1123 535 1125 538 ·

157 593 324 651 Proficiente
337 591 418 664 nihil,
432 590 576 649 ourarierl
616 591 766 662 Audieras,
780 591 827 647 oui

157 671 233 729 Rem
246 670 275 728 di
289 671 435 742 donarent,
449 670 489 727 illi
501 669 640 727 deoedere
653 687 765 744 pravam

157 750 307 807 stultitiam
319 767 327 818 ;
348 758 385 820 et,
398 764 485 825 quum
498 749 537 806 sis
550 747 638 805 nihilo
651 747 801 823 sapientior
812 764 848 804 err
859 766 915 824 quo

155 826 267 885 Plenior
280 846 321 900 es,
334 838 430 904 tamen
443 827 531 886 uteris
543 826 727 884 monitoribus
739 825 850 884 isdeml

156 907 196 962 At
209 908 233 963 si
246 905 350 964 divitias
362 906 531 982 pmdentem
541 905 660 962 reddere
672 915 796 981 possent,
898 929 901 932 ⁴
1024 909 1088 966 ’155

155 984 187 1041 Si
201 985 336 1060 oupidurn
349 985 533 1059 timidumque
546 984 645 1041 minsis
656 994 701 1052 te3
722 998 824 1060 nempe
836 985 960 1058 ruberet,

155 1063 270 1121 Viveret
283 1065 312 1121 in
326 1063 406 1121 terris
418 1073 447 1120 te
460 1063 483 1144 si
496 1063 557 1138 quis
571 1061 678 1121 avarior
691 1081 756 1120 uno.
916 1079 919 1085 ·

195 1146 213 1172 “
226 1142 256 1200 Si
270 1142 412 1218 proprium
424 1142 553 1218 estquod
566 1141 629 1216 quis
642 1140 713 1198 libra
726 1153 868 1200 mercatus
875 1153 904 1200 et
917 1161 973 1200 rere
985 1154 1037 1216 est,

153 1220 307 1293 Quaedam,
321 1222 344 1278 si
358 1221 451 1278 oredis
463 1219 607 1293 consultis,
621 1221 856 1295 mancipatusus3

154 1299 216 1360 Qui
229 1311 258 1357 te
271 1301 361 1376 pasoit
374 1319 450 1377 ager,
464 1311 529 1357 tuus
541 1309 599 1368 est3
620 1309 649 1356 et
663 1299 772 1357 villicus
785 1298 867 1373 Orbi,
1034 1302 1088 1361 160
1128 1335 1129 1341 1

154 1377 254 1441 Quum
268 1389 377 1455 segetes
390 1387 481 1451 oooat,
495 1378 545 1436 tibi
560 1377 778 1437 mox-frumenta
790 1379 913 1451 daturas,

155 1455 202 1514 Te
216 1458 360 1514 dominum
374 1457 466 1515 sentit.
507 1456 567 1514 Das
580 1475 726 1527 nummos3
748 1456 854 1534 aoeipis
866 1477 958 1531 uram,

155 1534 259 1607 Pullos,
272 1554 333 1607 ova,
348 1537 450 1594 uadum
464 1536 578 1593 temeti:
600 1554 702 1611 nempe
715 1535 799 1594 modo
812 1536 865 1595 isto

154 1613 292 1670 Paulatim
306 1615 439 1672 merearis
453 1633 560 1691 agrum,
572 1615 687 1671 fortasse
700 1615 842 1688 treeentis,

155 1693 215 1748 Aut
228 1691 312 1750 etiam
326 1691 419 1768 suprri,
433 1712 611 1751 nummorum
625 1693 750 1750 millibus
760 1705 893 1770 emptum.
1033 1697 1087 1755 165

143 1771 234 1833 ,Quid
248 1771 340 1844 refert,
355 1772 429 1829 rivas
442 1783 591 1830 numerato
604 1789 703 1847 nuper,
717 1791 753 1828 an
767 1773 856 1830 oliml

73 1842 79 1853 ’
155 1849 271 1926 Emptor
285 1851 396 1908 Arioini
408 1852 549 1926 quondam
563 1850 691 1908 Veientis
704 1863 733 1908 et
746 1853 803 1908 arvi

154 1928 286 2006 Emptum
301 1940 395 1988 orenat
406 1930 477 2004 olus,
491 1929 617 2005 quamvis
630 1930 709 1986 aliter
722 1941 816 2005 putat3
837 1932 938 2007 emptis

154 2009 216 2064 Sub
230 2019 339 2066 nootem
353 2009 473 2086 gelidam
487 2009 571 2086 lignis
584 2008 730 2066 calefactat
742 2011 862 2066 einum:
924 2039 926 2042 ·
993 2027 997 2034 ‘

155 2087 211 2143 Sed
227 2099 305 2143 roeat
318 2106 406 2163 usque
420 2107 512 2161 suum,
525 2088 581 2164 qut
594 2088 714 2164 populus
727 2088 816 2150 adsita
828 2088 913 2146 oertis
1033 2091 1086 2148 170

154 2164 303 2222 Limitibus
316 2167 409 2223 vicine
422 2167 524 2244 refugit
534 2168 643 2244 jurgia;
664 2178 795 2242 tanquam

153 2243 197 2300 Sit
209 2243 350 2320 proprium
363 2245 525 2321 quidquam,
538 2258 645 2321 puncto
657 2247 732 2320 quod
745 2247 855 2303 mobilis
869 2248 953 2319 irorae,

153 2321 239 2380 Nuno
252 2343 346 2399 preoe,
360 2342 437 2381 nuno
450 2325 639 2400 pretio,rnuno
653 2325 688 2396 vi,
703 2343 779 2381 nuno
792 2336 866 2382 sorte
880 2327 1021 2400 supremi,

152 2400 296 2461 Permutet
309 2403 436 2462 dominos
449 2413 478 2461 et
490 2404 573 2462 oedat
586 2403 615 2460 in
626 2403 712 2460 altera
722 2403 793 2479 jura.

152 2481 211 2554 Sio,
225 2483 290 2557 quia
300 2493 450 2559 perpetuus
462 2482 533 2541 nulli
547 2483 628 2540 datur
641 2501 716 2554 usus,
731 2493 760 2539 et
773 2483 862 2539 haeres
1032 2487 1085 2542 125

152 2559 302 2618 Heredem
317 2562 441 2634 alterius,
455 2562 530 2620 velut
543 2562 619 2619 unda
632 2561 791 2638 supervenit
804 2562 919 2634 undam,

149 2640 231 2701 Quid
246 2641 299 2698 vioi
312 2653 438 2716 prosunt,
452 2652 501 2699 aut
514 2642 633 2700 horreal
653 2642 755 2717 quidve
769 2640 897 2699 Calabris

151 2719 275 2776 Saltibus
288 2720 390 2796 adjecti
404 2720 524 2792 Luoani,
537 2721 563 2777 si
574 2722 654 2778 metit
666 2721 761 2779 Orous

149 2799 276 2856 Grandia
288 2816 354 2855 oum
367 2799 468 2875 parvis,
482 2819 539 2857 non
553 2799 702 2858 exorabilis
714 2801 800 2856 aurol

190 2881 207 2907 “
222 2870 365 2950 Gemmas,
380 2895 509 2950 marmor,
523 2879 601 2950 ebur,
616 2878 767 2953 Tyrrhena
779 2878 879 2954 sigilla,
893 2877 1016 2949 tabellas,

148 2955 319 3031 Argentum,
333 2967 423 3016 vestes
435 2957 547 3016 Gaetulo
559 2957 667 3014 murioe
680 2959 792 3029 tinetas,
816 2963 821 2976 '
1027 2956 1081 3014 181

150 3033 224 3091 Sunt
236 3036 283 3109 qui
297 3056 353 3094 non
368 3035 505 3108 habeant3
526 3047 574 3094 est*
582 3037 700 3112 quinon
714 3046 794 3093 aurat
807 3036 916 3093 habere.
931 3051 933 3055 ·
1004 3071 1009 3076 ι

149 3110 208 3167 Cur
222 3113 290 3169 alter
304 3116 418 3172 fratrum
431 3135 542 3174 cessare
556 3127 585 3174 et
597 3117 695 3173 ludere
708 3129 737 3172 et
749 3115 817 3189 ungi

148 3188 281 3254 Praeferat
294 3190 417 3249 Herodis
430 3195 558 3269 palmetis
571 3195 723 3272 pinguibus
734 3214 741 3263 ;
762 3195 842 3264 alter,

148 3266 233 3326 Dives
246 3278 275 3324 et
287 3269 471 3345 importunus,
485 3273 520 3328 ad
535 3275 662 3331 umbram
676 3273 751 3330 lueis
760 3272 795 3327 ab
807 3282 870 3328 ortu
1030 3273 1085 3330 185

149 3347 317 3423 Sylvestrem
331 3347 450 3404 flammis
463 3359 492 3404 et
506 3349 578 3408 ferro
591 3353 701 3428 mitiget
713 3368 826 3426 agrum3

148 3427 210 3499 Soit
223 3426 340 3499 Genius,
355 3427 447 3484 natale
460 3446 555 3484 eomes
568 3431 616 3503 qui
629 3439 766 3506 temperat
777 3441 895 3502 astrum,

147 3505 263 3563 Naturae
277 3507 347 3563 deus
360 3502 500 3580 humana,
513 3508 637 3564 mortalis
651 3508 681 3564 in
695 3526 794 3564 unum-

147 3587 276 3661 quodque
289 3596 383 3662 oaput,
399 3587 476 3644 vultu
491 3584 641 3658 mutabilis,
656 3586 736 3642 albus
750 3597 779 3644 et
792 3599 859 3644 ater.

187 3670 205 3695 ‘⁴
217 3665 295 3739 Utar,
309 3675 386 3723 etex
400 3667 520 3743 modioo,
534 3662 672 3742 quantum
683 3683 729 3722 tes
742 3678 848 3742 poscet,
863 3685 963 3725 acervo
1029 3667 1084 3725 190

69 3755 72 3761 ’
147 3741 278 3815 Tollaru;
300 3761 360 3810 neo,
369 3755 493 3827 metuam
507 3744 574 3820 quid
588 3745 683 3844 deme
694 3744 804 3822 judioet
817 3746 915 3816 haeres,
