2444 4216
145 202 201 263 m
463 200 494 258 u
511 194 654 254 110an
670 199 793 250 reieci

183 344 231 401 Au
244 353 276 401 tu
289 342 359 402 reris
369 360 435 402 eum
447 342 542 401 occisi
555 340 693 401 insanisse
705 344 841 419 parentet

182 422 228 479 Ac
241 441 298 480 non
311 419 376 481 ante
390 422 471 490 mulis
483 423 643 480 dementem
655 433 749 480 actum
763 421 867 495 Furiis,
876 420 967 498 qrrdm
1055 423 1109 482 135

181 499 216 558 In
230 501 325 561 mania
335 501 432 577 jugulo
445 499 547 559 serrum
560 500 693 575 tepefecit
705 503 839 560 scutumi

179 579 270 652 Quin,
283 599 318 637 ex
330 599 385 654 quo
397 591 441 637 est
452 579 565 642 babitus
578 575 651 636 meld
665 590 732 637 tutoe
745 581 846 638 mentis
859 578 986 652 Orestes,

181 657 229 715 Nil
243 657 311 716 sane
326 658 392 720 iecit
404 660 479 733 quod
493 670 523 716 tu
537 656 706 734 reprendere
718 658 823 734 possis-z
856 663 860 671 '

180 736 246 794 Non
260 737 383 813 Pyladen
397 736 469 796 serro
482 737 584 801 violare
597 756 715 795 aususve
728 757 849 795 sororem
929 776 932 783 «

179 815 336 876 Electram
355 815 465 874 tantdrn
479 815 620 874 maledicit
633 818 753 892 utrique,
765 817 890 877 vocando
1056 817 1111 876 140

180 893 264 952 Hanc
278 895 402 967 Furiam,
416 897 491 953 bunc
504 896 590 966 aliud,
600 895 683 971 jussit
696 896 770 970 qucd
783 896 928 973 splendida
940 896 1013 954 bilis.

180 973 289 1050 Pauper
301 972 431 1051 Opimius
443 975 552 1050 argenti
564 976 646 1050 positi
660 975 736 1033 intus
749 985 778 1032 et
790 975 861 1048 auri,
985 987 990 992 ’

178 1052 240 1113 Qui
254 1054 441 1112 Veientanum
455 1054 532 1119 festis
544 1065 640 1129 potare
653 1054 753 1111 diebus
919 1054 920 1060 '

180 1131 326 1207 Campania
340 1133 436 1190 solitus
448 1133 542 1204 truilti,
554 1151 725 1208 vappamque
739 1131 877 1208 profestis,

179 1210 333 1272 Quondam
347 1211 473 1286 lethargo
485 1212 585 1287 grandi
599 1222 641 1268 est
653 1227 810 1287 oppressus,
823 1213 957 1283 utbteres
1056 1211 1111 1268 14⁵

181 1288 199 1346 J
201 1309 246 1346 am
259 1290 366 1347 circum
380 1290 487 1355 loculos
499 1303 530 1348 et
540 1291 633 1348 claves
643 1290 727 1355 ,letus
738 1308 879 1363 ovansque

135 1399 139 1402 ·
179 1367 327 1426 Curreret:
348 1370 424 1426 hunc
438 1369 564 1425 medicus
574 1366 785 1426 'multirmceier
798 1378 880 1442 atque
893 1367 982 1437 fidelis

180 1446 294 1503 Excitat
307 1448 360 1504 hoc
373 1457 471 1521 pacto:
493 1464 618 1502 mensam
632 1447 698 1520 poni
710 1447 799 1520 jubet,
814 1457 898 1520 atque
984 1469 986 1474 ⁴

179 1525 294 1582 Effundi
307 1543 404 1583 saccos
417 1543 595 1582 nummorum
607 1544 614 1592 ;
635 1525 772 1580 accedere
785 1524 879 1600 plures
977 1579 979 1586 .

179 1604 225 1660 Ad
240 1605 461 1660 numerandum:
482 1604 624 1660 bominem
638 1603 680 1660 sic
693 1602 782 1678 erigit.
796 1640 799 1646 ι
816 1602 907 1661 Addit
918 1613 948 1661 et
960 1602 1029 1661 iilud
1038 1622 1046 1659 ι
1055 1603 1111 1661 150

180 1681 237 1738 ‘Ni
250 1692 299 1738 tua
312 1682 445 1751 custodis,
458 1683 557 1739 avidus
567 1682 625 1756 jam
640 1682 701 1738 hec
715 1681 822 1738 auferet
835 1680 942 1738 heres?

179 1760 278 1818 ‘Men’
294 1760 382 1818 rivui'
404 1761 459 1819 ‘Ut
472 1761 547 1817 viras
561 1760 655 1837 igitur,
669 1760 768 1835 vigila:
790 1761 844 1818 hoc
856 1779 916 1836 age.

257 1839 353 1901 ‘Quid
371 1839 434 1896 iist’
926 1907 930 1915 Ι

181 1918 342 1976 ‘Deficient
353 1912 465 1995 inopem
478 1935 557 1975 rene
570 1927 608 1986 te,
622 1916 651 1973 ni
665 1916 745 1973 cibus
759 1927 841 1991 atque

179 1997 286 2073 Ingens
298 1999 416 2056 accedat
428 1998 571 2070 stomacho
585 1996 688 2054 fultura
700 1996 803 2053 ruenti.

180 2075 228 2132 Tu
238 2077 350 2133 cessas?
370 2077 500 2152 agedum,
514 2095 594 2133 sume
605 2077 660 2133 boc
671 2075 852 2150 ptisanarium
863 2078 974 2149 oryzae!
1056 2075 1112 2136 155

181 2153 308 2290 ‘aucupi
321 2156 446 2230 emptaet'
468 2155 591 2213 ‘Parve'
613 2155 740 2216 ‘Quanti
753 2155 846 2231 ergci’
868 2154 1071 2214 ‘Octuesibus'

61 2237 64 2242 ’
258 2239 265 2263 ‘
302 2234 374 2292 heu!
648 2280 652 2285 .

179 2313 259 2374 Quid
273 2313 356 2370 refert
368 2312 465 2372 morbo
478 2331 514 2368 an
528 2311 608 2374 furtis
619 2331 769 2387 pereamve
780 2310 913 2387 rapinist’
925 2313 941 2338 '¹

182 2392 352 2455 “Quisnam
374 2392 457 2468 igitur
480 2391 604 2451 sanmP’
645 2391 736 2452 “Qui
754 2410 811 2447 non
830 2391 957 2449 stultns.''
999 2392 1111 2456 “de

258 2473 394 2529 avarusi’'

182 2554 201 2581 “
214 2550 322 2608 Stultus
334 2563 363 2609 et
375 2551 519 2610 insanus.’'
559 2554 576 2580 “
587 2547 689 2621 Quid?
708 2549 806 2624 siquis
820 2568 876 2607 non
889 2549 926 2606 sit
939 2570 1046 2610 avarus.

181 2627 325 2688 Continuis
348 2631 469 2688 sanusi'’
510 2625 686 2687 “Minime”
734 2627 834 2701 “Cur,
858 2629 992 2688 Stoicei”
1033 2627 1112 2687 “Di-

258 2727 330 2766 cam.
1055 2709 1113 2766 1611

183 2780 266 2845 ‘Non
279 2798 321 2843 est
334 2787 498 2856 cardiacus,'
514 2787 661 2844 Craterum
675 2787 778 2844 dixisse
792 2796 897 2862 putato,
925 2839 928 2847 .

182 2867 258 2923 ‘Hic
272 2869 362 2942 teger!
397 2865 508 2923 ‘Recte
523 2876 565 2922 est
579 2865 673 2940 igitur,
686 2867 863 2940 surgetquei'
886 2859 889 2864 ’
904 2863 1037 2942 Negabit,

181 2942 270 3005 Qudd
284 2945 357 3004 latus
366 2957 414 3003 aut
428 2964 510 3002 renes
522 2945 620 3006 morbo
630 2955 773 3001 tententur
786 2954 878 3002 acute.
918 2999 920 3002 ,

182 3020 250 3079 Νοιι
263 3036 305 3081 est
318 3025 455 3100 perjurus,
468 3026 558 3100 neque
572 3023 715 3091 sordidus;
735 3022 957 3096 immotaeque

183 3098 241 3157 Hic
254 3119 367 3174 porcum
382 3104 517 3160 Laribus:
538 3101 633 3162 verium
648 3103 810 3160 ambitiosus
822 3113 850 3160 et
863 3102 970 3170 audax;
1053 3102 1111 3160 165

183 3177 304 3252 Naviget
318 3181 498 3254 Anticyram:
518 3182 586 3256 quid
599 3183 675 3240 enim
689 3181 791 3254 differt,
807 3181 971 3238 barathrone

183 3257 279 3314 Dones
292 3258 424 3330 quidquid
440 3259 535 3328 babes,
549 3279 585 3316 an
599 3279 741 3336 nunquam
755 3271 833 3318 utare
846 3259 967 3336 paratis?

184 3335 297 3395 Servius
310 3333 449 3409 Oppidius
462 3335 569 3392 Canusi
583 3338 640 3394 duc
652 3339 766 3415 praedia,
778 3340 858 3396 ‚dives

184 3415 309 3490 Antiquo
321 3433 419 3484 censu,
432 3415 524 3489 gnatis
537 3414 640 3472 divisse
654 3419 764 3475 duobus
859 3422 862 3430 ’

183 3495 295 3566 Fertur,
308 3504 337 3550 et
351 3493 411 3549 baec
425 3494 546 3551 moriens
558 3495 653 3569 pueris
666 3496 769 3554 dixisse
783 3497 887 3554 vocatis
1057 3495 1111 3555 170

184 3575 231 3633 Λᾶ
245 3575 365 3632 lectum:
386 3572 553 3648 ‘Postquam
568 3584 596 3630 te
609 3573 689 3643 talos,
703 3575 788 3647 Aule,
802 3595 944 3651 nucesque

70 3685 75 3694 ·
184 3653 269 3711 Ferre
283 3653 346 3709 sinu
359 3652 431 3722 laxo,
445 3653 548 3710 donare
561 3663 589 3709 et
602 3651 699 3708 ludere
713 3653 788 3723 vidi3

182 3725 239 3807 Te,
252 3731 362 3806 Tiberi,
374 3749 532 3805 numerare,
542 3731 618 3791 caris
630 3731 803 3792 abscondere
816 3734 940 3806 tristem3
1022 3727 1024 3730 ’
