2444 4216
448 194 479 248 Q·
496 191 642 243 nouam
658 191 782 242 rtaccr

281 339 364 397 Rara
376 337 529 399 decurrens
542 334 609 409 lupe
622 333 781 407 Lanuvino,

513 413 649 488 Foetaque
663 414 777 488 vulpes:

282 496 408 570 Rumpat
420 503 449 552 et
462 511 580 569 serpens
592 493 644 550 iter
658 493 826 566 institutum,

281 575 312 631 Si
326 593 375 649 per
388 573 534 648 obliquum
548 572 647 629 similis
660 572 768 647 sagittae

282 652 540 715 Terruittnannos.
582 650 645 726 Ego
657 651 705 707 oui
715 650 829 722 timebo,

427 776 430 783 .
515 730 652 787 Providus
666 749 780 804 auspex,

282 810 443 885 Antequam
457 819 563 867 stantes
576 821 684 885 repetat
691 809 811 884 paludes

280 889 418 950 Imbriurn
432 889 527 946 divina
541 888 598 944 avis
613 888 821 960 imniinentirm,

280 969 544 1027 Osoinemoorvum
559 986 643 1042 preoe
658 968 799 1024 suscitabo

515 1047 588 1105 Solis
601 1047 722 1103 abortu.
805 1092 807 1099 ,

281 1127 328 1184 Sis
341 1127 407 1183 licet
421 1126 488 1185 felix
501 1127 662 1200 ubieunque
671 1124 774 1197 mavis,

281 1205 318 1264 Et
332 1225 437 1263 mernor
452 1206 549 1276 nostri,
560 1205 688 1276 Galatea,
700 1205 791 1260 vivas:

281 1284 381 1360 Teque
396 1285 549 1343 neelaevus
564 1283 796 1358 retemptans,

438 1415 440 1419 ,
487 1363 579 1418 .Neo
593 1382 663 1437 vaga
676 1363 783 1421 oomiiu

282 1443 339 1499 Sed
354 1443 430 1499 vides
444 1453 548 1515 quanto
563 1442 684 1515 trepidet
696 1441 819 1499 tumultu

281 1521 391 1579 Pronus
403 1521 502 1578 Orion.
540 1519 606 1595 Ego
620 1521 686 1594 quid
701 1521 737 1577 sit
750 1531 810 1577 ater
875 1559 877 1561 -
896 1543 898 1549 ¹
916 1544 919 1551 ¹

282 1600 397 1657 Hadriae
412 1601 475 1657 novi
490 1601 569 1657 sinus
583 1611 611 1657 et
624 1600 691 1673 quid
703 1599 785 1656 uibus

458 1730 472 1737 ..
514 1680 620 1737 Peooet
634 1678 730 1754 Iapyx.

282 1758 414 1816 Hostium
429 1777 528 1815 uxores
542 1759 676 1832 puerique
691 1776 783 1814 eaeeos
814 1799 817 1807 «

282 1839 412 1896 Sentiant
425 1849 517 1894 motus
530 1837 646 1898 orientis
661 1837 768 1906 Austri,
784 1845 812 1893 et

283 1918 414 1993 AEquoris
429 1916 501 1992 nigri
518 1917 668 1986 fremitum,
683 1927 711 1972 et
724 1926 876 1972 trementes

515 1996 640 2054 Verbere
655 1995 744 2070 ripas!

283 2077 333 2132 Sio
347 2087 374 2131 et
389 2075 501 2150 Europe
515 2076 629 2132 niveum
644 2075 740 2132 doloso

282 2155 411 2211 Credidit
424 2165 504 2210 tauro
518 2155 600 2225 latire,
615 2165 644 2211 et
658 2164 813 2211 scatentem

281 2233 388 2290 Beliuis
401 2244 517 2308 pontum
532 2234 696 2306 mediasque
711 2233 823 2289 fraudes

516 2310 620 2368 Palluit
634 2313 733 2367 audax.

283 2391 381 2470 Nuper
396 2390 524 2466 inpratis
536 2391 665 2466 studiosa
679 2389 789 2461 florum,
803 2402 837 2446 et»
853 2420 856 2442 2

283 2473 392 2529 Debitae
406 2469 548 2546 Nymphis
560 2470 654 2545 opifex
665 2488 786 2540 ooronoe,

282 2551 376 2610 Nocte
391 2550 524 2608 sublustri
539 2550 608 2607 nihii
624 2560 697 2606 astra
711 2560 812 2624 praeter

461 2677 464 2687 .
510 2629 753 2705 'Viditetundas

281 2710 356 2771 Quae
371 2709 453 2765 simul
467 2719 582 2764 eentum
597 2709 689 2783 tetigit
702 2710 845 2782 potentem

282 2788 402 2863 Oppidis
416 2787 532 2854 Creten,
546 2791 563 2815 “
572 2786 664 2856 Pater,
679 2806 696 2841 o
709 2786 840 2843 relietum

284 2868 364 2925 Filiae
378 2885 492 2938 nomen,
506 2865 677 2940 pietasque,''
694 2864 772 2936 dixit,

413 2951 483 3005 νῇ.
505 2944 629 3001 “‘Viota
644 2943 752 2999 furorei
844 2957 846 2962 ·

283 3027 386 3084 undet
407 3021 463 3100 qud
477 3024 561 3081 venit
582 3023 667 3080 Levis
680 3041 737 3079 una
751 3040 825 3080 mors
838 3034 882 3081 est

256 3147 261 3157 .
284 3106 433 3179 Virginum
448 3104 545 3178 eulpae.
587 3103 753 3179 vigilansne
766 3104 844 3178 ploro
871 3113 874 3122 '

285 3182 383 3258 Turpe
397 3183 598 3239 commissum?
619 3202 655 3238 an
670 3182 743 3240 vitiis
758 3191 901 3239 carentem

475 3295 477 3298 <
518 3260 604 3316 ·Ludit
623 3262 716 3337 imago

286 3342 377 3411 Vana,
392 3357 454 3414 quae
468 3339 547 3413 porti
562 3339 672 3414 fugiens
686 3339 794 3397 eburnei

287 3419 433 3477 Somnium
449 3418 544 3474 dueiti
586 3416 726 3477 Melibsne
742 3417 844 3475 fluetus

287 3500 333 3557 Ire
346 3519 395 3575 per
409 3498 506 3573 longos
520 3497 581 3567 fuit,
596 3517 632 3554 an
647 3507 775 3569 recentes

514 3575 642 3650 'Carpere
656 3574 757 3634 fl'or'esi

289 3659 321 3715 Si
334 3657 396 3732 quis
409 3655 715 3729 infamemmihinuno
726 3656 893 3732 jurandum·
945 3662 949 3709 ἕ

288 3737 470 3804 Dedetirat'ae
480 3735 486 3792 Ι
498 3735 632 3794 duee'rore
645 3735 728 3808 ferro,
739 3743 793 3809 etl]
853 3783 855 3787 ,
875 3778 879 3789 .
910 3760 913 3766 ·
929 3743 947 3781 ἰ
