2444 4216
327 190 333 221 ''
410 192 655 246 EPISTULARUM
672 194 738 246 ΜΒ.
756 196 777 246 Ι.
795 197 817 246 1.

162 335 259 415 AEqud
273 335 434 414 neglectum
446 337 540 415 pueris
553 339 723 417 senibusque
736 341 858 405 nocebit.
921 388 923 393 .

163 415 267 476 Restat
280 427 311 474 ut
324 417 367 475 his
380 436 433 495 ego
443 435 489 475 me
502 418 562 494 ipse
575 437 672 496 regum
684 419 812 499 solerque
822 420 984 480 elementis:

162 495 232 555 Non
245 497 334 573 possis
346 496 429 555 oculo
441 493 578 571 qnantum
592 488 763 558 dontendere
778 499 920 578 Lynceus,

162 574 231 634 Nou
245 587 339 634 tumen
352 574 459 634 idcirco
471 587 637 634 contemnas
649 577 741 653 lippus
755 579 871 655 inungi5

162 653 238 726 Nec,
252 655 317 730 quin
330 653 462 732 desperes
475 655 572 713 invicti
585 657 713 714 membre
723 657 868 732 Glyconis,

162 731 281 792 Nodosd
294 734 395 810 corpus
409 735 481 792 nolis
494 734 643 809 prohibere
656 736 801 811 cheragrd.

163 811 215 871 Est
227 813 350 890 quddam
363 813 474 889 prodire
487 823 579 886 tenus,
593 813 617 870 si
631 831 689 871 non
702 815 783 872 dstur
796 815 877 875 ultrd.

163 891 265 951 Fervet
275 892 391 950 sunritid
404 892 562 968 miseroque
576 893 709 968 cupidine
722 896 840 969 pectusl
859 937 862 946 .

162 973 236 1030 Sunt
249 972 335 1030 verbu
348 982 376 1028 et
390 990 473 1029 voces
486 973 587 1046 quibus
601 972 677 1029 huuc
691 973 779 1030 lenire
793 971 916 1032 dolorem

162 1051 268 1123 Possis,
282 1061 311 1108 et
324 1069 456 1126 magnum
470 1052 559 1108 morbi
573 1052 714 1126 deponere
728 1063 843 1128 partem.

161 1131 270 1188 Laudis
284 1149 379 1187 umore
392 1131 504 1187 tumesl
525 1141 591 1188 sunt
602 1140 679 1187 certe
691 1130 803 1206 piacula
816 1149 878 1206 quae
892 1143 921 1190 te
935 1177 937 1180 v

162 1209 222 1269 Ter
231 1207 305 1287 pure
320 1209 394 1267 lecto
407 1219 538 1285 poterunt
551 1226 678 1272 recreare
692 1209 795 1267 libello.

162 1288 289 1361 Invidus,
304 1288 466 1356 iracundus,
480 1287 565 1357 inere,
580 1287 702 1358 vinosus,
717 1299 840 1361 amatum.

161 1368 256 1427 Nemo
269 1364 342 1425 sded
356 1367 432 1423 ferus
444 1376 487 1423 est
501 1378 602 1424 utnon
617 1367 765 1424 mitescere
778 1369 875 1444 possit,
938 1393 968 1489 Ι

162 1449 195 1506 Si
209 1444 294 1505 modo
309 1445 426 1503 culture
439 1447 592 1521 patientem
606 1448 766 1505 commodet
779 1467 884 1507 aurem.

201 1526 299 1584 Virtus
312 1536 355 1582 est
368 1525 466 1583 vitium
480 1526 592 1602 iugem
613 1537 642 1594 et
654 1526 793 1602 sapientia
805 1528 895 1604 prims

85 1678 87 1682 ἱ
161 1605 288 1673 Stultitid
302 1604 433 1663 caruisse.
475 1605 573 1677 Vides,
587 1624 649 1681 quae
663 1606 785 1664 maxims
798 1607 890 1665 credis

162 1685 234 1743 Esse
248 1685 330 1757 mala,
341 1685 478 1761 exiguum
492 1703 620 1758 censum,
634 1696 799 1762 turpemque
811 1687 962 1764 repulsam,

160 1765 279 1828 Quanto
293 1765 399 1821 devites
412 1764 506 1822 animo
520 1762 673 1842 cupitisque
686 1765 797 1823 lubore:
847 1807 860 1826 =.

162 1844 285 1921 Impiger
299 1855 438 1902 extremos
452 1844 541 1902 curris
555 1856 692 1904 mercator
707 1846 742 1916 ad
757 1843 855 1916 Indos,

160 1920 215 1982 Per
230 1943 306 1982 mure
320 1923 482 2000 pauperiem
493 1923 677 2000 fugiens,.per
691 1943 768 1994 saxu,
783 1943 832 1998 per
847 1926 943 2000 ignes:

161 2001 208 2061 Ne
222 2022 304 2061 cures
317 2023 351 2060 ea
364 2022 426 2079 quae
440 2001 525 2062 stulte
540 2003 649 2060 miraris
662 2013 692 2059 et
703 2013 793 2077 optas,

160 2081 278 2141 Discere
292 2095 320 2141 et
333 2083 441 2155 audire,
455 2094 484 2139 et
496 2081 606 2141 meliori
619 2082 735 2139 credere
750 2100 807 2139 non
821 2083 881 2142 visi
927 2088 932 2101 ¹

160 2162 236 2224 Quis
249 2164 358 2220 circum
371 2180 459 2238 pagos
471 2171 500 2220 ct
513 2162 622 2220 circum
636 2161 758 2238 compita
770 2180 887 2239 pugnax

161 2240 268 2318 Magna
282 2241 409 2302 coronari
424 2251 586 2300 contemnet
598 2239 741 2317 Olympia,
752 2241 799 2299 cui
813 2261 886 2318 spes,

161 2321 217 2379 Cui
230 2323 266 2379 sit
280 2321 405 2379 conditio
420 2321 510 2378 dulcis
524 2321 585 2378 sine
598 2320 711 2398 pulvere
722 2317 842 2399 pulm'ael
876 2355 879 2364 ·
948 2331 950 2334 '

200 2401 293 2459 Vilius
307 2412 454 2477 argentum
468 2411 602 2472 restauro,
617 2400 764 2458 virtutibus
778 2416 888 2462 aurunn

159 2482 179 2509 “
189 2479 219 2537 Ο
233 2480 318 2550 cives,
333 2481 417 2551 cives,
430 2481 583 2553 quaereuda
595 2480 718 2554 pecunie
730 2475 853 2554 primum
867 2489 919 2551 est,
973 2508 975 2515 π

159 2557 259 2615 Virtus
273 2569 335 2632 post
347 2559 505 2615 nummos.’'
547 2558 620 2613 Haec
634 2556 724 2613 anus
738 2575 865 2614 summus
878 2551 914 2615 ub
927 2557 984 2616 irno

160 2636 315 2694 Prodocet:
338 2636 399 2692 haec
413 2636 543 2692 recinunt
554 2635 672 2711 juvenes
686 2636 790 2693 dictatu
803 2655 951 2712 senesque,

159 2716 246 2774 Laevo
258 2713 388 2791 suspensi
401 2713 508 2772 loculos
521 2715 700 2791 tabulamque
714 2715 834 2790 incerto„

159 2797 192 2854 Si
205 2794 419 2871 quadringentis
433 2812 481 2851 sen
494 2806 601 2871 septem
616 2794 704 2852 millia
716 2796 829 2868 desunt,

159 2875 212 2933 Est
225 2875 337 2932 animus
351 2873 415 2946 tibi,
425 2885 492 2932 sunt
505 2891 607 2947 mores,
621 2885 650 2933 et
662 2874 769 2950 lingua,
783 2873 922 2950 fidesque3
949 2922 951 2929 ,

158 2955 242 3031 Plebs
256 2953 319 3012 eris.
361 2955 402 3011 At
414 2954 496 3030 pueri
508 2954 648 3025 ludentes,
658 2959 676 2984 “
688 2953 754 3011 Rex
767 2954 851 3024 eris‚?'
866 2950 954 3027 aiunt,

160 3038 178 3064 ‘⁶
191 3035 222 3093 si
236 3031 314 3092 recte
329 3033 443 3092 facies.’'
461 3061 466 3072 1
485 3033 543 3090 Hic
557 3051 655 3091 murus
668 3036 776 3089 aeneus
787 3045 859 3105 esto,

159 3110 208 3170 Nil
223 3114 351 3173 conscire
364 3113 427 3186 sibi,
441 3112 520 3170 mdld
533 3112 687 3188 pallescere
700 3112 793 3188 culpi.
876 3136 879 3141 ·
942 3122 947 3138 ¹
979 3134 983 3154 ι

159 3191 276 3265 Roscio,
289 3195 336 3251 dic
349 3194 443 3266 sodes,
458 3191 555 3250 melior
570 3191 624 3263 lex,
639 3209 675 3248 un
689 3200 839 3267 puerorum
852 3203 896 3251 cst

159 3270 271 3344 Nouia,
285 3292 347 3348 quae
361 3267 572 3349 regnumrectd
588 3269 755 3328 iacientibus
765 3270 857 3346 offert,

159 3349 197 3409 Et
211 3352 336 3409 muribus
349 3353 444 3410 Curiis
457 3349 487 3409 et'
495 3351 649 3411 decantate
662 3350 809 3409 Gumdlisl

160 3429 228 3504 Isne
242 3431 293 3487 tibi
307 3423 409 3488 melitis
422 3430 531 3503 suadet,
544 3431 601 3507 qui,
615 3449 675 3488 rem
690 3431 792 3500 fuciss3
813 3449 883 3503 rem,

159 3509 191 3567 Si
205 3511 304 3586 possis,
319 3507 414 3580 recte3
434 3511 457 3568 si
466 3529 540 3583 non,
553 3528 721 3591 quocunque
735 3511 817 3568 modo
831 3528 909 3579 rem3

158 3587 197 3646 Ut
210 3587 324 3665 propius
338 3601 448 3663 spectes
461 3589 617 3666 lacrymosa
629 3592 761 3666 poemata
774 3588 864 3664 Pupi:
929 3616 930 3620 ¹

159 3670 208 3726 An
222 3667 270 3744 qui
285 3667 401 3725 fortune
415 3680 443 3726 te
456 3687 620 3746 responsare
634 3667 761 3744 superbe
900 3666 902 3673 ⁸

159 3746 294 3806 Libemm
307 3757 337 3804 et
350 3757 476 3884 elrssectum
488 3766 614 3824 presens
626 3720 900 3823 hmtuturletutptutl
