2444 4216
135 203 192 262 146
457 198 487 255 u.
505 196 792 248 uomrrrrtncct-

209 340 299 406 Quod
313 344 337 400 si
351 362 397 400 me
409 341 529 418 populus
542 341 691 399 Romanus
705 337 776 398 fortd
791 351 870 415 roget
882 348 934 409 our
989 347 991 353 ’
1073 343 1111 400 70

172 421 249 494 Νοη,
264 436 295 481 ut
307 420 469 498 portieibus,
483 421 525 479 sio
536 420 651 495 juditiis
665 420 739 477 fruar
753 418 855 490 isdem,
900 434 912 463 -'
1007 452 1009 459 ·

173 501 237 558 Nee
251 521 350 576 sequar
363 510 411 557 tut
424 499 530 576 fugiam
543 518 606 574 quae
620 498 720 575 deligit
732 499 792 574 ipse
806 499 848 557 vel
861 499 922 557 odit
930 519 940 556 ε·

172 580 249 639 Olim
263 581 336 656 quod
351 580 447 656 vulpes
459 591 563 655 aegroto
576 589 659 636 caute
672 577 747 636 leoni
1041 626 1044 633 .

172 660 340 736 Respondit,
355 658 491 716 referem:
513 657 619 719 ‘tuuis
632 677 678 715 me
691 657 809 732 uestigio
822 667 937 728 terrent,
952 708 955 713 .
969 710 976 733 x
1039 700 1042 707 .

171 740 276 796 Omnia
289 751 317 795 te
331 739 479 795 adversum
492 737 661 812 peetautia,
674 737 752 793 nullo
766 739 945 794 retrorsum?
1038 772 1058 791 .-
1074 740 1111 795 75

172 818 270 876 Bellua
281 817 431 874 multorum
445 837 476 873 es
490 817 613 892 capitum
625 836 632 873 ι
653 832 718 873 nam
730 816 795 890 quid
807 818 926 890 sequerl
948 827 998 875 aut
1009 819 1112 892 quent

172 899 239 954 Pars
254 897 398 953 hominum
412 896 497 972 gestit
508 896 669 954 oondueere
682 895 811 970 publiea:
826 905 898 953 sunt
912 896 960 970 qui

139 1037 143 1047 ⁸
172 976 281 1034 Crustis
295 987 323 1033 et
336 975 426 1050 pomis
439 976 539 1032 viduas
551 986 688 1033 venentur
702 994 809 1046 avarae,
839 1006 842 1015 ·

147 1094 150 1099 ·
172 1055 377 1131 Excipiamque
392 1074 474 1113 senes
486 1073 557 1130 quos
571 1054 600 1111 in
615 1054 718 1112 vivaria
731 1054 859 1113 mittant:
1022 1100 1024 1105 .

173 1134 272 1191 Multis
285 1134 397 1191 occulto
410 1135 513 1191 urescit
525 1152 572 1190 res
585 1133 699 1192 maore.
744 1131 849 1191 Verium
899 1179 902 1192 .
984 1136 988 1183 ἶ
1040 1132 1042 1137 ’
1075 1135 1114 1191 80

172 1213 250 1285 Esto,
265 1213 326 1270 aliis
340 1210 408 1269 alio's
422 1213 507 1270 rebus
520 1213 674 1289 studiisque
688 1213 796 1281 tenerit
937 1224 968 1271 J
1047 1222 1061 1235 ’·

174 1293 263 1350 Iidem
278 1294 377 1350 eadem
391 1293 617 1366 possuntxhoram
631 1292 733 1349 durare
745 1292 896 1367 probantes
906 1293 929 1349 l.
956 1334 963 1345 ,
981 1322 997 1335 v

173 1377 190 1402 “
203 1372 231 1427 N
235 1372 262 1427 ul
320 1374 349 1428 in
362 1372 429 1428 orbe
442 1371 522 1428 sinus
536 1371 612 1428 Baiis
626 1372 760 1446 praeluoet
773 1371 918 1443 ammniiss'

174 1452 204 1508 Si
219 1451 276 1508 dim
302 1451 388 1522 dives,
403 1451 481 1508 loeus
494 1460 523 1507 et
536 1469 613 1507 more
628 1451 713 1508 sentit
726 1469 849 1519 amorem
874 1482 877 1488 ·
946 1486 950 1499 ι

173 1530 346 1587 Festinantis
360 1531 437 1599 heri,;
459 1530 506 1586 oui
520 1529 756 1597 siritiosslibido
846 1552 849 1557 ·
998 1554 1028 1571 «ν
1075 1526 1115 1586 85

173 1609 286 1666 Fecerit
299 1608 466 1684 auspicium,
481 1628 544 1665 eros
559 1609 728 1667 ferramenta
742 1607 895 1667 Theatrum

173 1688 301 1759 Tolletis,
316 1688 394 1745 febri.
436 1688 541 1745 Lectus
554 1689 674 1764 genialis
689 1689 717 1746 in
732 1688 797 1746 aulis
808 1689 871 1746 estl
908 1716 914 1722 ·

173 1768 223 1824 Nil
238 1769 277 1825 ait
290 1787 351 1824 esse
362 1768 448 1842 prius,
464 1768 564 1824 melius
578 1768 618 1824 nil
632 1768 733 1824 eoelibe
747 1768 821 1837 vitiu

174 1847 204 1903 Si
219 1867 275 1904 non
290 1858 341 1918 est,
353 1847 427 1922 jurat
442 1848 516 1925 hene
529 1847 596 1903 solis
609 1864 671 1903 esse
685 1847 801 1903 meritis.-

171 1927 240 1989 Quo
253 1938 366 1984 teneam
380 1927 472 1984 vultus
485 1937 640 1985 mutantem
655 1926 756 2003 Protea
768 1926 863 1982 nodol

171 2005 252 2066 Quid
266 2008 391 2081 pauperi
411 2007 490 2064 ride:
511 2016 601 2064 mutat
613 2004 881 2076 ooenaoula,.leetos‚
968 2060 971 2067 ,
1049 2052 1052 2059 .

173 2082 288 2155 Balnea,
301 2093 444 2154 tonsores;
466 2087 609 2143 oondueto
622 2085 733 2160 navigio
745 2081 824 2160 aequd
877 2126 880 2132 .
1002 2138 1005 2144 ,
1049 2134 1052 2139 .

173 2162 300 2219 Nauseat
314 2181 347 2218 ao
361 2163 487 2238 locuples
498 2184 583 2238 quem
597 2165 676 2222 ducit
686 2165 766 2240 prim
779 2160 918 2225 triremis..
1000 2198 1002 2203 ·
1030 2163 1044 2183 ”

213 2242 244 2298 Si
258 2253 384 2299 curtatus
397 2242 528 2316 inaequeli
541 2255 654 2301 tonsore
668 2244 783 2319 capillos
852 2276 856 2283 ·
907 2283 922 2295 -.
1006 2310 1009 2317 ,
1045 2278 1051 2287 ›

172 2320 304 2393 Occurri,
319 2322 412 2378 rides:
433 2321 459 2378 si
473 2318 545 2395 lortd
558 2322 697 2381 subucula
709 2341 789 2396 pexae
1076 2323 1115 2379 95

173 2399 256 2457 Trite
269 2401 365 2458 subest
378 2400 550 2473 tunieae‚-vel
563 2401 587 2459 si
601 2412 667 2477 toga
681 2401 798 2458 dissidet
811 2401 910 2475 impar,
956 2448 961 2459 ,
977 2414 980 2419 ’
1022 2417 1026 2438 .·

173 2480 272 2537 Rides.
312 2479 404 2551 Quid,
418 2499 580 2556 mearquum
592 2480 854 2556 pugnetsententia
868 2495 985 2549 secum;
1036 2510 1039 2515 ⁴

172 2558 259 2620 Quod
272 2560 361 2634 petiit,
376 2560 483 2636 spernit
491 2580 498 2630 ;
518 2561 621 2636 repetit
634 2561 707 2635 quod
721 2578 811 2634 nuper
823 2559 936 2629 omisit3
1009 2613 1011 2617 ,
1056 2610 1061 2619 .

173 2638 296 2710 AEstuat‚
309 2649 338 2697 et
348 2640 602 2699 vitm-disoonvenit
614 2640 719 2697 ordine·
727 2650 801 2708 toto3
863 2707 866 2711 ,

173 2717 277 2788 Dimit,
289 2718 420 2790 edificet,
435 2730 524 2776 mutet
535 2721 671 2794 quadrata
684 2720 830 2777 totundisl

174 2796 301 2854 Insanire
315 2809 396 2871 putas
410 2798 547 2855 solemnit
560 2818 615 2869 me,
630 2818 721 2873 neque
736 2799 820 2871 rides,
913 2848 916 2859 .

174 2875 237 2932 Nee
252 2877 355 2933 medici
369 2877 472 2949 eredis,
483 2896 541 2939 nee
555 2878 692 2935 curatoris
705 2897 788 2953 egere
848 2920 851 2928 .

174 2955 202 3010 A
216 2967 333 3029 pretore
345 2957 414 3026 dati,
427 2975 520 3013 rerum
530 2957 623 3018 tutela
636 2976 761 3015 mearum
1058 3001 1061 3005 .

173 3032 272 3093 Quum
287 3036 334 3106 sis,
348 3046 377 3094 et
389 3034 475 3111 prave
487 3048 598 3096 sectum
613 3035 798 3095 stomacheris
809 3036 846 3094 ob
859 3053 982 3110 unguem
1032 3088 1035 3092 ,

174 3111 219 3168 De
233 3124 260 3169 te
274 3115 432 3189 pendentis,
447 3126 474 3172 te
488 3117 664 3192 respicientis
677 3116 769 3175 umioi.
805 3149 827 3179 u
928 3140 931 3147 ·
1059 3114 1116 3172 105

214 3192 259 3247 Ad
275 3212 423 3265 summam,
438 3195 550 3268 sepiens
564 3215 621 3253 uno
634 3196 724 3255 minor
738 3206 781 3254 est
793 3193 879 3261 Jore;
901 3193 988 3264 dives,
1021 3224 1026 3245 ι
1047 3210 1065 3257 ,’

174 3267 268 3342 Liber,
283 3272 444 3344 honoratus,
458 3273 585 3347 puloher‚
599 3294 649 3343 rex
662 3275 786 3348 denique
797 3291 912 3349 regum:
933 3332 935 3337 ,

175 3347 321 3426 Praeeipud
337 3371 432 3424 sanus,
447 3351 604 3426 nisiquum
615 3354 717 3428 pituita
728 3353 846 3411 molesta
859 3363 924 3411 est.
