2444 4216
480 195 545 246 Ans
562 195 715 247 Pousrcn.

187 341 334 401 AEmilium
347 339 424 399 circa
436 338 534 398 ludum
549 339 626 397 faber
639 338 714 399 imus
726 349 755 397 et
769 359 879 418 ungues
984 391 987 396 .

147 422 294 497 Exprimet
308 431 336 478 et
347 419 446 479 molles
458 419 613 477 imitabitur
626 436 681 477 aere
694 420 826 495 capillos3

148 502 251 559 luselix
263 500 354 577 operis
364 498 474 569 summa
476 498 573 574 ,quis
578 517 681 573 ponere
695 509 784 558 totum

148 580 284 638 Nesciet:
305 581 381 637 hunc
395 595 449 654 ego
462 597 517 649 me,
532 575 636 651 siquid
651 597 820 668 componere
834 599 942 656 curem,

116 697 118 700 >
149 656 217 719 Non
231 657 320 736 magis
333 668 395 717 esse
408 657 491 713 velim
494 653 601 744 ,quim
614 675 699 730 pravo
712 657 804 717 vivere
818 679 897 734 naso,
988 690 990 694 ·

150 740 340 815 Spectandum
353 737 441 812 nigris
453 703 553 806 oculis,
568 734 703 825 nigrcque
716 738 824 812 capillo

189 818 298 876 Sumite
312 815 458 874 materiam
472 815 570 871 vestris
572 833 643 890 ,qur
635 815 778 874 'scribitis
780 835 910 892 ‚requam

149 897 279 966 Viribus;
301 907 330 953 et
341 906 448 960 versate
462 893 511 950 diu
525 893 592 968 quid
607 893 678 950 serre
691 907 832 968 recusent,
854 924 862 930 ·

147 977 227 1038 Quid
242 976 352 1033 valeant
366 972 476 1031 humeri
485 993 491 1030 ε
500 1023 504 1030 .
513 973 560 1030 cui
573 973 648 1030 lecta
658 985 787 1049 potenter
802 976 855 1033 erit
868 982 922 1050 res,
946 1018 948 1023 -

148 1055 211 1113 Nec
226 1054 360 1112 facundia
373 1053 483 1110 deseret
496 1053 583 1124 hunc,
597 1071 651 1109 nec
666 1053 776 1110 lucidus
789 1055 865 1125 ordo.

187 1133 305 1207 Ordinis
319 1133 380 1189 haec
393 1132 481 1189 virtus
492 1132 546 1189 erit
559 1142 588 1188 et
601 1150 699 1204 venue,
714 1144 762 1189 aut
775 1152 828 1208 ego
842 1134 930 1209 fallor,

148 1211 187 1270 Ut
198 1214 256 1289 jam
271 1231 348 1269 nunc
363 1212 448 1283 dicat,
460 1211 519 1286 jam
533 1228 612 1267 nunc
625 1210 758 1267 debentia
771 1211 828 1268 diei

149 1293 286 1367 Pleraque
300 1290 419 1360 differat,
433 1300 462 1346 et
475 1307 599 1364 praesens
612 1290 642 1345 in
655 1300 766 1365 tempus
779 1291 896 1349 omittat.

189 1371 226 1428 In
240 1370 331 1428 verbis
343 1369 429 1426 etiam
443 1368 536 1425 tenuis
550 1378 704 1457 cautusque
718 1370 853 1443 serendis,

150 1450 222 1524 Hoc
230 1459 314 1520 emet,
324 1448 383 1507 hoc
378 1458 510 1543 spernat
522 1447 650 1522 promissi
664 1447 798 1505 carminis
814 1416 918 1508 ιιιοιοι,

97 1588 101 1596 ,
150 1529 263 1586 Dixeris
276 1523 400 1616 egregie,
415 1536 512 1585 notum
526 1545 550 1582 ιι
542 1525 666 1583 callida
675 1527 791 1583 verbum

150 1605 340 1666 Reddiderit
330 1616 463 1682 punctura
475 1623 587 1663 novum.
629 1605 661 1662 Si
675 1602 744 1663 sorte
760 1625 876 1664 necesse
889 1619 932 1666 est

150 1687 269 1744 Iudiciis
283 1695 437 1743 monstrare
451 1684 612 1748 recentibus
624 1685 720 1742 abdita
732 1704 835 1761 rerum,

151 1763 273 1842 Fingere
287 1764 420 1822 cinctutis
434 1782 491 1822 non
504 1764 637 1821 exaudita
650 1763 784 1840 Cethegis

150 1786 318 1920 Continget:
340 1843 505 1918 dabiturque
518 1843 634 1900 licentia
647 1855 757 1918 sumpta
767 1833 924 1919 pudenter:

151 1925 189 1981 Et
202 1943 274 1982 nova
286 1923 406 1997 fictaque
418 1941 509 1999 nuper
523 1923 669 1980 habebunt
683 1922 766 1979 verba
779 1922 908 1994 iidem,¹
886 1943 911 1980 si

150 2005 252 2062 Graeco
266 2003 342 2061 fonte
355 2002 458 2060 cadant
460 2020 563 2077 ,parce
578 2003 694 2058 detorta.
735 1999 816 2066 Quid
831 2013 925 2059 autem

151 2082 267 2140 Caecilio
280 2082 434 2156 Plautoque
448 2048 527 2137 dabit
540 2079 690 2136 Romanus
703 2079 864 2155 ademptum

150 2162 269 2238 Virgilio
284 2160 445 2235 Varioquel
465 2178 519 2234 ego
532 2176 583 2215 cur
585 2159 752 2233 ,acquirere
762 2177 854 2234 pauca

152 2242 183 2299 si
196 2259 319 2317 possum,
334 2238 459 2296 invideor
461 2256 569 2312 ,quum
582 2205 679 2314 lingua
692 2237 810 2297 Catonis
822 2250 851 2297 et
865 2239 942 2297 Enni

151 2321 317 2378 Sermonem
330 2318 451 2394 patrium
461 2285 602 2391 ditaverit,
616 2329 645 2376 et
657 2337 731 2376 nova
742 2336 837 2377 rerum

151 2399 180 2456 N
182 2419 277 2457 omma
290 2397 454 2474 protulerit?
494 2398 589 2459 Licuit
602 2416 774 2472 semperque
773 2396 876 2454 licebit

152 2469 301 2554 Signatum
314 2487 451 2552 presente
465 2477 533 2534 nota
545 2477 701 2551 producere
714 2494 827 2532 nomen

57 2600 60 2604 .
151 2557 190 2614 Ut
204 2556 279 2611 silvae
294 2555 366 2611 foliis
379 2573 482 2628 pronos
496 2564 639 2610 mutantur
653 2554 683 2610 in
697 2572 796 2624 annos,

152 2636 247 2692 Prima
261 2633 382 2700 caduut3
403 2632 443 2689 ita
455 2631 603 2689 verborum
617 2643 696 2689 vetus
709 2632 804 2690 interit
818 2642 894 2705 aetas,

152 2712 210 2771 Et'
201 2729 336 2789 Juvenum
349 2710 404 2767 ritu
418 2708 518 2767 florent
531 2707 615 2767 modd
630 2721 696 2767 nata
698 2710 875 2786 ,vigentque

152 2794 296 2851 Debemur
310 2789 392 2846 morti
408 2808 459 2847 nos
472 2801 637 2864 nostraque;
659 2789 716 2847 sive
727 2804 857 2866 receptus

152 2871 245 2930 'Ferri
259 2869 423 2945 Neptunus
424 2868 529 2926 classes
544 2868 732 2943 Aquilonibus
744 2879 831 2940 arcet,

152 2951 244 3028 Regis
256 2967 343 3024 opus;
365 2947 519 3023 sterilisque
533 2948 583 3005 diu
596 2947 687 3038 palus,
702 2958 819 3022 aptaque
833 2946 928 3020 remis,

152 3032 270 3090 Vicinus
283 3026 366 3085 urbes
380 3027 429 3084 alit
441 3038 470 3083 et
482 3046 566 3117 grave
580 3026 666 3084 sentit
678 3038 818 3096 aratrum,

153 3113 212 3169 Seu
226 3126 340 3167 cursum
354 3106 472 3164 mutavit
485 3105 613 3180 iniquum
628 3105 755 3181 frugibus
769 3105 870 3179 amnis,
953 3134 954 3138 =

153 3188 281 3248 Doctus
274 3199 327 3244 iter
340 3186 449 3243 melius
491 3184 622 3243 Mortalia
636 3186 709 3243 facta
721 3185 869 3276 peribunt3

153 3268 269 3326 Nedum
283 3284 444 3324 sermonum
459 3275 513 3323 stet
526 3266 627 3343 honos,
641 3275 671 3322 et
683 3265 773 3341 gratie
785 3264 875 3323 vivax.

155 3347 246 3405 Multa
259 3356 441 3402 renascentur
454 3362 517 3421 quae
528 3339 587 3420 jam
600 3343 731 3403 cecidere
734 3345 915 3436 ,cadentque

151 3427 229 3488 Quae
243 3441 321 3482 nunc
335 3423 444 3487 suntin
458 3424 573 3496 honore,
588 3419 733 3496 vocabula,
746 3443 771 3482 ιι
763 3424 858 3486 'volet
871 3444 947 3495 usus,

152 3506 250 3567 Quem
264 3519 353 3578 penes
365 3502 510 3561 arbitrium
523 3514 567 3562 est
579 3514 608 3563 et
618 3504 665 3581 jus
679 3515 707 3561 et
720 3521 819 3560 norma
831 3469 972 3578 loquendi.

194 3583 255 3661 Res
269 3590 355 3715 gestes
368 3599 522 3658 regumque
535 3585 696 3658 ducumque
720 3591 749 3638 et
761 3582 850 3640 tristia
864 3581 936 3638 bella

153 3663 223 3727 Quo
237 3653 311 3717 scrib
312 3678 322 3716 ι
334 3672 449 3734 possent
458 3680 583 3733 numero,
589 3659 753 3720 monstravit
766 3660 943 3720 Homerus.

194 3737 352 3800 Versibus
344 3739 487 3814 rmpmiter
497 3740 604 3816 junctis
617 3738 793 3815 querimonia
802 3735 936 3815 primum,
1007 3759 1008 3762 ¹
