2444 4216
145 204 201 265 172
462 165 792 260 eaomruvmocr

181 343 367 421 Pulchraque,
380 355 409 403 et
418 345 524 403 exactis
535 342 683 403 minimiun
696 342 837 416 distantia,
850 344 944 403 miror.

181 422 259 482 Inter
273 443 335 499 quae
348 424 462 482 verbum
475 423 591 485 emicuit
603 424 627 481 ai
640 421 710 482 torte
723 424 869 498 decorum,
880 435 909 482 et
1011 476 1015 481 .

182 502 214 559 Si
227 521 322 559 versus
335 498 419 578 ptuld
432 502 598 563 concinnior
611 521 686 559 unus
693 512 722 559 et
734 502 814 573 alter,

181 575 289 657 I'njustd
304 590 391 638 totum
405 579 484 637 ducit
497 580 646 654 venditque
659 584 768 656 poemn
925 615 928 618 ·
998 619 1001 623 -
1073 578 1112 634 75

181 657 316 734 Indignor
329 657 479 732 quidquam
492 658 670 734 reprehendi,
683 677 740 715 non
753 657 817 732 quia
830 653 925 715 crased
968 692 970 697 ·
1060 701 1063 707 ,

180 736 371 812 compositum
384 733 533 812 illepideve
544 747 666 812 putetur,
674 737 728 795 'sed
742 736 807 811 quia
818 755 922 812 nuper3
1028 780 1031 785 .

180 815 243 873 Nec
257 815 366 871 veniam
381 815 511 890 antiquis,
525 815 574 872 sed
588 816 722 873 honorem
736 822 765 871 et
777 815 890 889 premia
902 814 991 889 poscit
1007 845 1019 879 ῳ

180 890 273 950 Recte
288 911 380 950 necue
393 912 507 951 crocum
520 893 656 968 floresque
669 892 843 968 perambulet
856 893 930 949 Atte

180 971 288 1028 Fabula
301 972 325 1028 si
339 972 474 1043 dubitem,
488 972 611 1029 clament
623 972 738 1047 periisse
751 972 885 1047 pudorem
1072 969 1113 1026 80

180 1049 285 1107 Cuncti
298 1047 371 1125 penti
386 1060 487 1125 petrea,
501 1069 539 1108 eu¹
548 1069 634 1125 quum
648 1050 851 1125 reprehendere
864 1068 949 1106 coner

178 1126 254 1189 Quae
267 1129 359 1204 gravis
373 1127 507 1204 AEsopus,
519 1148 581 1203 quae
594 1129 693 1186 doctus
708 1127 831 1185 Roscius
844 1128 917 1202 egit:

179 1206 233 1264 Vel
247 1206 312 1281 quia
325 1206 364 1264 nil
376 1217 498 1279 rectum,
510 1207 565 1264 nisi
578 1207 652 1282 qnod
664 1206 769 1282 placuit
782 1206 846 1277 sibi,
858 1207 967 1263 ducunt
974 1225 983 1273 ;

179 1285 233 1342 Vel
246 1285 312 1360 quin
325 1296 406 1359 turpe
418 1295 517 1360 putent
529 1305 626 1360 parere
639 1285 805 1356 minoribus,
817 1296 856 1356 et,
869 1302 931 1359 quae

179 1362 303 1420 Imberbi
314 1360 449 1434 didicere,
462 1382 545 1420 senes
558 1364 701 1439 perdenda
715 1363 802 1420 soteri.
1047 1417 1050 1421 ,
1072 1361 1114 1417 85

179 1440 244 1498 Jam
259 1440 365 1498 Saliare
379 1440 608 1517 Numaecarmen
622 1442 669 1514 qni
682 1442 789 1511 laudat,
801 1451 829 1497 et
843 1441 912 1496 illud

179 1520 266 1582 Quod
279 1538 391 1576 mecum
405 1519 515 1595 ignoret
528 1519 603 1577 solua
616 1519 674 1575 vult
687 1519 760 1575 scire
773 1518 871 1590 videri,
918 1559 924 1571 κ.
975 1550 978 1579 ;

179 1597 307 1673 Ingeniis
319 1617 376 1654 non
390 1597 436 1654 ille
450 1597 523 1655 favet
534 1597 696 1672 plauditque
710 1596 835 1672 sepultis,
884 1634 887 1639 -

179 1674 284 1734 Nostra
297 1675 346 1732 sed
360 1675 516 1751 impugnat,
530 1696 581 1739 nos
594 1687 744 1750 nostraque
756 1674 856 1732 lividus
869 1675 937 1735 odit.

178 1751 267 1816 Quod
281 1754 305 1811 si
318 1764 374 1811 tam
388 1753 482 1811 Graiis
494 1755 601 1812 novitas
614 1754 703 1811 invisa
717 1753 816 1811 suisset
1025 1810 1027 1814 Α
1073 1753 1114 1811 90

178 1830 379 1904 Quamnobis,
393 1832 459 1907 quid
473 1851 550 1890 nuno
563 1844 638 1890 esset
650 1833 749 1890 vetusl
769 1842 818 1888 aut
830 1833 897 1907 quid
912 1831 1027 1891 heberet

179 1911 267 1983 Quod
280 1912 385 1986 legeret
397 1921 552 1986 tereretque
564 1911 665 1973 viritim
680 1909 810 1984 publicus
824 1912 909 1966 usual

218 1990 257 2047 Ut
269 1987 390 2064 primum
402 1990 500 2066 positis
513 1990 612 2066 nugari
625 1989 737 2046 Graecia
750 1987 831 2045 bellis

180 2068 282 2142 Coepit,
296 2068 367 2125 etin
382 2069 479 2127 vitium
494 2068 605 2127 fortuni
617 2068 704 2126 labier
718 2067 807 2143 ae‘quri,

180 2145 266 2203 Nunc
280 2145 445 2202 athletarum
459 2147 569 2218 studiis,
582 2165 660 2204 nunc
673 2146 920 2220 arsit'equorum3.
967 2194 970 2199 ⁴
1073 2145 1113 2202 95
1159 2165 1160 2169 ¹

179 2221 328 2281 Marmoris
342 2233 390 2293 aut
402 2223 494 2282 eboris
507 2225 598 2282 fabros
613 2236 660 2282 aut
674 2225 736 2282 reris
749 2224 869 2293 amavit;

180 2302 333 2378 Suspendit
345 2301 422 2376 pictb
436 2303 541 2361 vultum
555 2313 734 2378 mentemque
746 2302 865 2371 tabellti;

179 2379 268 2438 Nunc
281 2380 453 2454 tibicinibus,
467 2399 545 2439 nunc
558 2391 600 2439 est
613 2381 708 2457 gavise
720 2380 875 2455 tragoedisz·

180 2459 241 2516 Sub
254 2461 363 2519 nutrice
376 2460 469 2534 puella
482 2459 557 2518 velut
569 2459 593 2517 si
606 2460 715 2518 luderet
729 2459 832 2530 infans,

179 2537 266 2599 Quod
280 2535 383 2614 cupide
394 2539 485 2614 petiit,
497 2535 607 2596 mature
620 2538 705 2614 plena
718 2537 836 2612 reliquit.
1059 2539 1116 2595 100

178 2616 259 2679 Quid
272 2617 364 2691 placet
377 2628 426 2674 aut
437 2618 503 2675 odio
516 2629 569 2688 est,
581 2618 656 2693 quod
669 2637 725 2674 non
740 2615 872 2673 mutabile
887 2617 1019 2673 credant*

180 2694 245 2753 Hoc
257 2714 342 2770 paces
354 2693 478 2761 habuere
492 2696 572 2754 bone
586 2697 715 2771 ventique
729 2695 855 2752 secundi.
893 2699 899 2711 ‘

218 2773 319 2831 Romae
333 2772 415 2830 dulce
429 2774 478 2831 diu
491 2774 544 2831 fuit
555 2785 585 2831 et
598 2775 723 2832 solemne
737 2773 847 2831 rodust

180 2850 268 2909 Mane
283 2853 364 2910 domo
378 2851 502 2928 vigilbre,
515 2852 612 2910 clienti
625 2871 752 2927 promere
764 2851 836 2926 jura,

180 2930 286 2988 Cauros
298 2930 458 2989 nominibus
471 2931 556 2989 rectis
565 2931 723 3006 expendere
737 2948 879 3002 nummos,
960 2956 970 2989 μ
1056 2931 1113 2989 105

180 3007 302 3083 Majores
316 3009 423 3082 audire,
437 3009 539 3068 minori
552 3009 646 3067 dicere
659 3028 708 3084 per
721 3027 797 3083 que:
842 3042 853 3070 s
1012 3067 1014 3074 .

181 3084 315 3142 Crescere
328 3107 374 3144 res
385 3089 487 3163 posset,
501 3088 591 3147 minui
605 3087 847 3147 damnosalibido.
884 3136 890 3144 ,
943 3131 946 3138 ,

180 3161 300 3219 Mutavit
313 3177 437 3241 mentem
450 3166 569 3242 populus
582 3167 659 3240 lavis,
673 3176 702 3224 et
714 3166 788 3229 calet
801 3184 859 3232 uno
927 3212 932 3221 .

180 3240 329 3298 Scribendi
343 3243 451 3301 studio:
472 3246 606 3320 puerique
618 3255 765 3321 patresque
779 3243 867 3302 severi
971 3259 974 3265 ’
1023 3304 1026 3309 ,

180 3319 292 3377 Fronde
306 3337 400 3377 comas
413 3321 500 3383 vincti
513 3333 627 3380 coenant
640 3333 668 3380 et
681 3323 806 3381 carmina
819 3323 941 3387 dictant:
983 3369 986 3375 .
1060 3322 1117 3381 lto

180 3397 246 3473 Ipse
258 3416 321 3474 ego,
334 3397 382 3471 qui
395 3400 486 3458 nullos
498 3419 544 3457 me
557 3400 665 3458 affirmo
678 3402 800 3469 scribere
814 3419 919 3473 versus,
1020 3405 1022 3409 ’

180 3476 312 3534 Iuvenior
326 3475 436 3535 Parthis
449 3478 627 3546 mendacium
648 3489 685 3547 et,
699 3477 776 3553 pride
788 3491 849 3547 orto
859 3532 871 3545 „
912 3529 915 3535 .
931 3534 934 3545 ,,

182 3556 257 3626 Sole,
272 3555 335 3632 vigil
350 3557 489 3614 calamum
502 3570 532 3628 et
544 3558 655 3615 chartas
667 3567 697 3613 et
709 3557 813 3615 scrinia
827 3576 921 3632 poseo.

180 3633 290 3692 Navem
305 3653 388 3711 agere
401 3635 517 3710 ignarus
529 3635 607 3694 navis
620 3634 716 3704 timet3
736 3634 903 3706 abrotonum
918 3653 994 3710 egro

180 3710 210 3768 N
212 3730 250 3770 on
263 3714 356 3788 audet,
369 3713 424 3772 nisi
437 3715 485 3791 qui
498 3715 605 3788 didicit,
617 3713 702 3784 dare3
722 3713 986 3790 quod-medicorum
997 3724 1043 3784 cst
1056 3747 1059 3754 ·
