2444 4216
435 209 630 261 elatustum
641 211 711 319 plu.
728 211 777 261 tv.

271 351 352 410 Coelo
364 351 448 411 Musa
461 353 532 412 beat.
567 355 616 412 Sic
629 355 707 414 Jovis
716 356 838 416 interest
892 421 894 431 ,

271 431 381 508 Optatis
394 451 410 488 e
430 433 484 490 ulis
497 434 616 510 impiger
629 433 784 492 Hercules:

271 509 385 568 Clarum
399 453 571 586 'llyndaridae
581 513 658 570 sidus
672 514 707 570 ab
720 513 826 572 infimis

270 587 397 650 Quassus
410 591 532 666 eripiunt
545 592 701 666 aequoribus
714 603 803 650 rates:

269 666 395 726 Ornatus
408 669 488 727 viridi
504 680 628 746 tempora
640 672 773 746 pampino

270 745 354 805 Liber
368 759 430 805 vota
445 748 532 806 bonos
546 749 624 806 ducit
638 750 673 805 ad
687 750 786 806 exitus.

511 1061 594 1121 onn
615 1059 699 1121 v111.
774 1033 777 1038 ’

508 1199 548 1236 ΔΙ)
561 1198 699 1236 LOLLIUM.

268 1300 317 1358 Nn
332 1296 403 1357 forte
417 1298 516 1355 credas
529 1297 759 1372 interitumque,

269 1375 369 1454 Longe
384 1387 530 1434 sonantem
544 1387 626 1432 natus
639 1377 673 1433 ad
688 1377 835 1450 Aufidum,

307 1455 376 1514 Non
390 1453 455 1513 ante
470 1455 596 1530 vulgatas
609 1474 658 1530 per
671 1467 745 1513 artes

346 1536 440 1593 Verba
453 1534 549 1609 loquor
563 1535 696 1591 socianda
709 1537 829 1594 chordis.

268 1614 346 1686 Non,
361 1615 384 1671 si
398 1615 502 1689 priores
516 1612 656 1670 Maeonius
669 1625 747 1672 tenet

268 1696 357 1752 Sedes
371 1693 528 1763 Homerus,⁴
537 1692 693 1751 Pindaricae
706 1693 804 1770 latent,
820 1718 848 1770 r,
861 1732 874 1741 .,
904 1716 910 1743 ,ι
931 1712 935 1723 ¹

307 1773 437 1848 Ceaeque,
452 1783 480 1829 et
493 1771 584 1829 Alcaei
595 1768 732 1844 minacesJ

345 1852 552 1925 Stesichorique
565 1869 663 1926 graves
677 1850 839 1910 Camoenar.

266 1930 339 2003 Nec,
354 1931 376 1987 si
390 1931 457 2006 quid
470 1931 536 1988 olim
550 1930 616 1987 lusit
630 1931 793 2007 Anacreon,

265 2009 376 2067 Delevit
389 2022 472 2067 etas:
493 2010 578 2085 spirat
592 2010 684 2065 adhuc
699 2028 787 2083 amor,

305 2090 466 2164 Vivuntque
479 2088 621 2145 commissi
634 2088 740 2146 calores

345 2168 445 2226 AEoliae
460 2168 561 2224 fidibus
575 2161 683 2242 puellae.
759 2200 761 2210 ι

264 2246 330 2304 Non
345 2247 403 2304 sola
416 2258 541 2323 comptos
555 2247 621 2304 arsit
635 2248 753 2306 adulteri
849 2260 855 2269 ⁴

265 2327 375 2398 Crines,
390 2338 418 2384 et
432 2345 530 2384 aurum
547 2327 669 2383 vestibus
683 2327 781 2384 illitum

303 2405 416 2478 Mirata‘,
430 2406 591 2482 regalesque
605 2406 708 2477 cultus,

342 2484 379 2540 Et
391 2486 518 2555 comites,
533 2485 644 2540 Helene
658 2485 792 2540 Lacaena·

264 2563 408 2620 Primusve
421 2560 536 2618 Teucer
550 2563 605 2617 tela
619 2562 748 2634 Cydonio

265 2640 376 2699 Direuit
389 2658 472 2695 arcu:
493 2658 550 2696 non
564 2639 650 2695 semel
664 2638 732 2696 llios

303 2719 431 2776 Vexata:
452 2736 508 2774 non
522 2718 656 2793 pugnavit
669 2719 770 2795 ingens

342 2797 511 2854 Idomeneus
525 2797 710 2855 Sthenelusve
723 2798 799 2856 solus

212 2893 214 2896 ’
263 2877 394 2935 Dicenda
408 2863 499 2933 Musii
511 2877 622 2951 proelia:
644 2896 699 2934 non
715 2878 792 2934 ferox

263 2958 381 3027 Hector,
395 2954 437 3013 vel
452 2974 516 3011 acer
531 2954 697 3029 Deiphobus
711 2974 810 3030 graves

302 3034 421 3109 Excepit
434 3034 508 3090 ictus
521 3052 571 3107 pro
591 3032 702 3107 pudicis

339 3112 515 3188 Conjugibus
528 3111 676 3186 puerisque
690 3112 804 3188 primus.

261 3191 367 3251 Visere
381 3192 465 3249 fortes
479 3202 543 3246 ante
557 3190 772 3265 Agamemnona

262 3272 362 3330 Multi:
384 3272 433 3328 sed
447 3289 546 3327 omnes
560 3269 775 3344 illacrymabiles

300 3351 451 3426 Urgentur‚
467 3348 619 3424 ignotique,
633 3349 717 3429 longi

340 3428 442 3500 Nocte,
457 3438 553 3485 carent
565 3429 631 3503 quia
645 3441 706 3486 vate
720 3449 807 3487 sacro.

262 3505 382 3565 Paulum
397 3508 512 3583 sepulte
526 3508 609 3566 distat
623 3507 732 3565 inertia

262 3587 360 3644 Celata
374 3588 466 3646 virtus
501 3585 568 3645 Non
583 3605 636 3662 ego
649 3598 676 3643 tc
691 3587 760 3646 meis

301 3664 413 3722 Chartis
426 3667 587 3724 inornatum
601 3665 699 3734 silebo,

339 3742 431 3800 Totve
444 3755 507 3804 tuos
520 3744 608 3821 patiar
622 3742 732 3802 labores
