2444 4216
379 171 575 220 GARMINUM
592 180 656 223 ME.
674 179 723 226 lll.

255 310 374 369 Custos:
395 325 547 372 amatorem
562 328 696 377 trecentae

293 390 450 451 Pirithoi'rm
464 395 597 454 cohibent
611 409 727 458 catena.

486 750 569 810 ODE
582 752 618 810 V.

212 871 304 930 Omne
317 880 463 929 tonantem
476 870 647 929 credidimus
660 871 760 933 lovem

211 950 361 1028 Regnare:
382 969 504 1026 presens
517 951 597 1008 divus
612 953 759 1017 habebitur

250 1032 405 1107 Augustus,
420 1031 537 1106 adjectis
552 1030 693 1091 Britannis

288 1109 420 1186 Imperio,
434 1111 620 1186 gravibusque
634 1113 734 1170 Persis.

210 1188 331 1247 Milesne
345 1188 442 1245 Crassi
455 1189 575 1263 conjuge
590 1189 708 1246 barbara

209 1268 316 1344 Turpis
329 1268 446 1324 maritus
459 1267 541 1322 vixit!
563 1277 592 1322 et
605 1268 726 1325 hostium

251 1347 340 1425 (Proh
354 1345 441 1415 curia,
457 1344 613 1419 inversique
626 1349 747 1428 moresl)

288 1425 444 1482 Consenuit
457 1443 615 1482 socerorum
629 1425 658 1483 in
673 1430 754 1500 arvis,

209 1507 269 1564 Sub
282 1524 348 1581 rege
362 1503 457 1575 Medo,
472 1501 584 1561 Marsus
597 1515 626 1561 et
639 1506 777 1582 Appulus,

103 1650 107 1661 Ι
208 1585 385 1644 Anciliorum
398 1593 426 1640 et
439 1583 562 1640 nominis
574 1594 603 1641 et
616 1595 688 1661 togae

245 1665 369 1734 Oblitus
385 1674 551 1736 aeternusque
565 1662 669 1735 Vestae,

285 1742 424 1799 Incolumi
438 1739 509 1798 Jove
523 1751 552 1798 et
565 1743 633 1800 urbe
647 1744 758 1805 Romi!

206 1823 271 1881 Hoc
285 1831 395 1879 caverat
408 1839 488 1877 mens
501 1821 615 1896 provida
628 1822 745 1900 Reguli,

206 1901 405 1961 Dissentientis
418 1900 627 1957 conditionibus

243 1981 347 2053 Pindis,
362 1992 390 2037 et
403 1979 531 2054 exemplo
543 1980 663 2038 trahenti

278 2060 438 2118 Perniciem
452 2059 568 2115 veniens
581 2059 610 2115 iu
625 2079 729 2141 rovum,¹
833 2122 836 2129 ,

205 2141 307 2200 Sinon
320 2139 423 2215 periret
436 2136 642 2197 immiserabilis
673 2204 683 2214 „
713 2168 800 2211 yffi..
832 2144 890 2207 3¹²?

203 2221 320 2297 Captiva
333 2219 429 2295 pubes.
465 2216 584 2294 “Signa
594 2238 647 2296 ego
659 2219 775 2280 Punicis
827 2226 832 2233 '

243 2299 337 2357 Affixa
351 2297 483 2370 delubris,
497 2309 525 2355 et
538 2317 615 2356 arma

279 2377 417 2436 Militibus
430 2379 491 2434 sine
505 2379 611 2449 cede,''
623 2378 704 2452 dixit,

202 2463 220 2490 ‘⁴
232 2457 350 2534 Direpta
363 2458 436 2514 vidi:
458 2457 515 2513 vidi
529 2476 582 2531 ego
596 2457 700 2513 civium

201 2538 321 2596 Retorta
333 2548 412 2610 tergo
425 2535 542 2591 brachia
554 2535 652 2604 libero,

240 2614 394 2687 Portasque
408 2631 465 2668 non
479 2613 598 2683 clausas,
612 2622 640 2668 et
654 2630 719 2669 arva

279 2690 373 2748 Marte
386 2690 440 2747 coli
453 2689 584 2766 populata
596 2699 699 2749 nostro.

199 2774 280 2831 Auro
293 2788 428 2847 repensus
441 2769 550 2827 scilicet
563 2771 653 2829 acrior

199 2852 284 2910 Miles
297 2849 417 2908 redibitl
449 2848 570 2926 Flagitio
583 2851 685 2908 additis

237 2933 388 2989 Damnum
418 2927 519 3003 Neque
534 2929 771 2987 amissoscolores
803 2978 810 3001 ,.
963 2958 972 2993 ,·

275 3009 356 3067 Lena
368 3008 452 3066 refert
465 3008 605 3064 medicata
619 3008 697 3076 fuoo;
764 3050 767 3055 .
798 3012 801 3019 '
826 3030 829 3035 ·
852 3022 879 3059 r:
926 3018 956 3061 ‚3-

198 3090 261 3148 Nec
274 3107 340 3147 vera
353 3088 449 3157 virtus,
463 3104 549 3161 quum
564 3087 649 3144 semel
664 3087 777 3162 excidit,
851 3101 853 3106 ’

197 3170 286 3228 Curat
297 3167 394 3244 reponi
408 3165 599 3223 deterioribus.

235 3249 266 3306 Si
280 3257 387 3324 pugnat
398 3245 533 3302 extricata
546 3246 640 3303 densis

94 3395 97 3398 Α
272 3326 364 3383 Cerva
376 3325 481 3402 plagis;
502 3324 555 3382 erit
564 3326 611 3383 ille
625 3325 711 3399 fortis,

196 3406 257 3469 Qui
270 3405 383 3481 perfidis
396 3423 428 3462 se
442 3404 560 3463 credidit
574 3405 715 3476 hostibus;

197 3485 236 3543 Et
249 3483 340 3542 Marte
351 3485 453 3543 Ptenos
466 3495 586 3560 proteret
599 3485 696 3556 altero,

234 3564 296 3625 Qui
310 3565 368 3622 lora
380 3564 514 3623 restrictis
527 3564 638 3621 lacertis

282 3643 377 3701 Sensit
389 3644 473 3716 iners,
487 3643 634 3717 timuitque
647 3653 771 3704 mortem.

196 3721 265 3797 Hic,
279 3722 355 3780 unde
367 3723 452 3780 vitam
464 3732 587 3780 sumeret
599 3722 714 3796 inscius,

879 2258 885 2308 l
