2444 4216
149 214 206 274 m
471 209 501 267 c.
519 208 662 259 noman
678 209 801 259 resecr

187 354 317 413 Destinet
329 371 459 422 uxorem3
479 353 628 414 interdicto
642 351 708 408 huic
720 371 805 409 omne
818 351 924 411 adimat
933 353 981 431 jus

187 432 302 505 Praetor,
315 447 344 492 et
357 435 390 491 ad
405 449 489 488 sanos
500 432 583 490 abeat
594 431 682 488 tutela
694 432 872 506 propinquos.

186 513 282 576 Quid!
303 512 398 587 siquis
410 521 522 586 gnatam
536 518 587 585 pro'
600 510 677 566 muti
687 510 809 567 ,devoret
822 510 907 586 agnis,

187 593 301 668 Integer
314 603 356 648 est
370 590 476 647 animll
510 588 557 646 Ne
570 588 682 645 dixeris.
716 587 802 664 Ergo,
817 591 864 647 ubi
878 608 962 664 prava
1059 589 1118 648 22⁰

188 671 319 741 stulttia,
334 668 381 726 bic
394 679 437 725 est
449 686 559 725 summa
572 667 697 724 insania:
718 669 765 742 qui
778 669 940 741 sceleratus,

187 750 224 807 Et
237 751 355 806 furiosus
367 748 437 805 erit:
458 766 540 820 quem
555 747 631 821 cepit
645 746 731 802 vitrea
742 747 826 819 fama,

187 825 274 886 Hunc
287 826 487 884 circumtonuit
499 827 626 903 mudena
639 824 756 882 Bellona
769 826 900 884 cruentis

186 907 214 965 N
218 925 273 964 unc
286 925 348 981 age,
361 906 498 962 luxuriam
511 916 541 961 'et
553 904 765 962 Nomentanum
779 905 867 981 arripe
880 923 1001 963 mecum.

186 985 290 1043 Vincet
300 986 375 1041 enim
390 985 487 1040 stultos
500 984 569 1040 ratio
577 983 700 1040 insanire
713 995 836 1058 nepotes.
1059 983 1119 1042 w

187 1065 245 1122 Hic
258 1065 339 1121 simul
354 1062 462 1138 accepit
476 1063 624 1138 patrimoni
638 1062 713 1119 mille
727 1063 842 1135 talanta,
896 1056 899 1061 ¹
932 1100 937 1105 ῃ

187 1144 291 1220 Edicit,
297 1139 415 1218 piscator
430 1140 480 1213 uti,
494 1142 645 1218 pomariuS,
661 1160 774 1216 auceps,

186 1218 404 1298 unguentarius,
419 1239 453 1277 aa
465 1219 555 1278 Tusci
569 1221 649 1279 turba
663 1221 749 1295 impia
763 1220 826 1293 rici,
1069 1283 1073 1292 ,

188 1302 261 1359 Cum
275 1301 379 1357 scurris
393 1300 484 1370 hrtor,
500 1319 565 1356 cum
580 1301 702 1357 Velabro
714 1319 798 1357 omne
812 1300 974 1371 macellum,

187 1380 401 1438 Menedemum
413 1381 532 1436 veniant.
563 1379 644 1439 Quid
654 1380 735 1435 tuml
755 1365 869 1436 Venere
880 1379 1046 1454 frequentes.
1060 1377 1119 1437 2³⁰

187 1459 282 1517 Verbn
295 1459 361 1516 facit
371 1458 452 1515 leno:
487 1458 654 1533 ‘Quidquid
670 1458 749 1529 mihi,
762 1455 898 1532 quidquid
912 1469 943 1534 et·
954 1460 1054 1517 horum

187 1540 297 1613 Cuique
305 1538 380 1595 domi
393 1549 446 1609 est,
457 1537 485 1594 id
497 1538 580 1594 crede
594 1550 690 1606 tuum3
711 1548 739 1593 et
753 1537 795 1594 vel
810 1556 886 1594 nunc
896 1549 970 1613 pete,
981 1537 1024 1595 vel
1037 1537 1118 1595 cras*
1199 1599 1201 1605 ⁴

188 1618 298 1691 Accipe
312 1617 377 1692 quid
391 1615 490 1674 contri
501 1617 612 1692 juvenis
626 1616 798 1691 responderit
812 1629 923 1690 aquus:

188 1701 196 1726 ‘
209 1695 241 1752 In
257 1696 320 1752 nive
335 1695 452 1752 Lucania
466 1696 571 1752 dormis
584 1708 723 1766 ocreatus,
735 1706 766 1752 ut
779 1713 876 1770 aprum

188 1775 305 1833 Coenem
319 1793 387 1850 eg0;
408 1786 438 1830 tu
452 1774 543 1849 pisces
557 1774 675 1830 hiberno
687 1794 723 1830 err
736 1793 846 1848 aequore
860 1773 958 1832 vellis:
1059 1772 1119 1831 285

187 1855 288 1930 Segnis
302 1872 365 1930 ego,
376 1853 510 1928 indignus
522 1853 570 1928 qui
583 1851 692 1909 tantum
705 1854 872 1927 possideam.
905 1852 1011 1912 Aufer:

187 1935 274 1991 Sume
287 1934 338 1990 tibi
352 1933 462 2000 decies;
482 1933 533 1990 tibi
543 1932 726 1998 tantundem
747 1931 798 1987 tibi
811 1932 928 2006 triplex!

186 2012 275 2069 Filius
289 2011 386 2087 AEsopi
401 2014 554 2068 detractam
567 2030 603 2068 er
616 2029 684 2067 aure
697 2008 829 2079 Metellae,

187 2090 302 2151 Scilicet
316 2101 346 2146 ut
359 2091 454 2146 decies
467 2090 588 2148 solidum
601 2089 770 2163 exsorberet,
784 2098 864 2146 aceto
888 2125 889 2128 =

186 2167 276 2224 Diluit
290 2167 428 2242 insignem
444 2168 576 2224 baccam:
596 2167 645 2241 qui
659 2168 751 2224 sanior
765 2186 798 2224 ac
812 2167 835 2225 si

186 2247 259 2304 lllud
275 2247 349 2314 idem
362 2246 391 2302 in
403 2246 529 2321 rapidum
544 2245 648 2302 flumen
660 2246 799 2321 jaceretve
813 2245 960 2309 cloccaml

185 2326 289 2388 Quinti
302 2325 448 2401 progenies
462 2324 538 2395 Arri,
552 2342 601 2398 par
616 2324 708 2380 nobile
723 2325 847 2395 fratrum,

186 2404 331 2480 Nequitia,
345 2416 374 2463 et
387 2404 479 2480 nugis,
492 2421 637 2479 pravorum
652 2414 681 2459 et
695 2422 787 2459 amore
802 2403 965 2478 gemellum,
1026 2434 1028 2437 ·

186 2485 334 2547 Luscinias
347 2484 419 2542 soliti
433 2484 559 2559 impenso
572 2483 708 2558 prandere
723 2486 875 2555 coemptas.

185 2565 331 2626 Quorsum
344 2565 468 2620 abeantl
488 2563 551 2620 sani
565 2573 595 2619 ut
608 2563 695 2632 creti,
710 2580 745 2618 an
761 2562 883 2618 carbone
897 2560 1037 2620 notandil
1061 2561 1120 2620 245

188 2643 341 2702 AEdilicare
355 2661 444 2713 casas,-
457 2642 604 2717 plaustello
617 2641 886 2716 adjungere-mures,

187 2723 298 2780 Ludere
311 2740 360 2796 par
374 2722 471 2796 impar,
485 2722 609 2795 equitare
624 2721 651 2776 in
666 2720 803 2777 arundine
817 2719 911 2796 longi,

188 2803 219 2858 Si
229 2819 311 2876 quem
325 2799 445 2856 delectet
459 2800 613 2870 barbatum,
627 2799 749 2855 amentia
764 2810 861 2858 verset.

188 2880 219 2937 Si
232 2880 365 2955 puerilius
379 2880 421 2937 bis
431 2879 500 2936 ratio
511 2895 572 2935 esse
585 2878 695 2935 evincet
709 2895 819 2946 amare;
949 2927 950 2930 ,

188 2958 252 3015 Nec
265 2960 414 3033 quidquam
428 2957 554 3029 differre,
563 2967 693 3013 utrumne
707 2957 736 3013 in
750 2956 873 3032 pulvere,
886 2955 984 3015 trimus
1059 2954 1120 3014 25⁰

87 3083 91 3088 s
186 3036 281 3097 Quale
295 3037 381 3111 priris,
395 3039 477 3095 ludas
489 3057 568 3113 opus,
580 3056 615 3093 an
632 3036 786 3093 meretricis
799 3043 893 3093 amore

189 3114 330 3171 Sollicitus
344 3118 449 3189 plores:
470 3136 573 3190 quaero,
588 3117 711 3174 faciasne
724 3115 797 3190 quod
811 3115 878 3173 olim

189 3192 315 3249 Mutatus
329 3193 481 3251 Polemoni
500 3214 588 3269 ponas
602 3191 834 3274 insigniamorbi,

166 3278 168 3283 ’
188 3270 339 3340 Fasciolas,
354 3272 468 3341 cubital,
483 3271 591 3342 localia,
605 3286 687 3348 potus
700 3286 731 3330 ut
744 3274 790 3330 ille

189 3350 300 3410 Dicitur
313 3367 348 3405 ex
361 3350 432 3408 collo
446 3349 539 3406 furtim
553 3353 688 3424 carpsisse
701 3369 828 3422 coronas,
1062 3349 1121 3409 255

141 3429 144 3434 ’
189 3430 338 3504 Postquam
351 3440 393 3486 est
407 3427 538 3504 impransi
552 3442 694 3503 correptus
708 3444 776 3488 voce
789 3430 933 3505 magistril

190 3508 311 3584 Porrigis
325 3508 395 3567 irato
407 3528 493 3584 puero
505 3513 590 3584 quum
603 3527 694 3582 poma,
708 3520 837 3565 recusat:

192 3591 306 3660 ‘Sume
320 3587 427 3646 Catelle
437 3589 453 3658 ;’
488 3598 588 3664 negat:
609 3586 702 3644 sinon
717 3588 776 3658 des,
789 3599 874 3663 optat.
915 3587 1034 3651 Amator

191 3667 330 3726 Exclusus
342 3667 390 3743 qui
404 3669 495 3740 distat,
510 3667 568 3743 agit
581 3666 628 3723 ubi
641 3684 748 3739 secum,
762 3678 856 3724 eatan
870 3686 927 3725 non

192 3744 262 3809 Qud
275 3748 413 3806 rediturus
424 3747 724 3821 eratnoaarcessitus,
736 3757 765 3804 et
776 3746 861 3804 haret
1064 3744 1123 3804 260
