2444 4216
120 204 176 265 17⁶
196 253 197 256 ,
432 202 464 257 o.
481 199 624 249 nomn
640 198 763 247 rumor

93 346 95 351 ’
158 345 222 405 Nec
235 342 325 422 magia
335 343 456 420 arpensi
469 341 562 421 ruitur
573 358 623 418 por
632 344 724 400 adnea
734 342 818 432 rigna

157 423 255 488 Quam
269 443 318 500 per
331 422 400 480 vatis
411 439 482 498 opuu
491 438 583 480 mores
595 421 738 496 animique
747 438 869 483 virorum

159 504 305 561 Clarorum
320 511 461 578 cppareut.
501 498 566 556 Nec
575 516 787 577 -aermopec‘ego
797 500 912 570 mallem
1030 498 1089 558 250

160 582 305 658 Repentes
317 599 366 656 per
380 581 507 651 humum,
520 575 605 653 quim
617 594 663 636 reo
676 596 843 656 componere
856 589 967 656 gemam.

160 661 366 733 Terrarumque
379 659 449 715 eitun
462 668 491 715 ct
503 655 620 714 flumina
632 657 736 733 dicere,
749 669 871 728 eturcca

161 739 304 797 Montibus
318 731 470 814 impositae,
484 746 513 793 ct
526 735 643 793 barbara
655 755 752 814 regna,
765 737 893 813 tuisque

162 816 303 892 Auspiciis
317 828 405 873 totum
419 813 548 874 confecta
560 813 655 873 duella
666 825 716 892 per
728 816 834 888 orbem,
966 844 970 853 ·

160 896 343 969 claustraque
357 895 502 952 custodem
513 894 593 970 pacis
606 894 768 959 cohibentia
781 894 896 968 Jauurn,
908 956 925 967 Μ
1032 894 1091 953 255

160 974 198 1030 Et
212 974 386 1032 formidatam
401 973 511 1031 Parthia
522 974 690 1051 topriucipe
704 973 842 1046 Romum3
868 990 872 1015 ¹
989 1010 992 1015 -
1040 984 1046 1011 '-

162 1053 203 1124 Si,
216 1062 351 1128 quantum
364 1071 506 1127 cuperem,
519 1070 629 1128 possem
642 1053 768 1128 qnoque:
789 1054 838 1119 aed
853 1070 1072 1128 neque-parvum

161 1131 283 1188 Carmen
297 1132 426 1208 majestas
438 1131 537 1207 recipit
549 1140 607 1202 tur,
621 1150 675 1189 nec
689 1150 768 1190 meus
780 1132 866 1189 audet

161 1211 236 1269 Rern
249 1222 356 1268 tentare
369 1211 467 1286 pudor,
479 1228 563 1285 quam
573 1210 648 1270 mres
661 1210 732 1268 serre
744 1220 883 1286 recuperet.
913 1269 916 1276 ,

162 1290 303 1347 Sedulitas
316 1300 419 1359 autem,
433 1287 516 1346 ctultd
530 1306 612 1364 quern
625 1289 726 1366 diligit,
741 1300 831 1367 urget,
1034 1288 1093 1347 200

162 1366 306 1443 Praecipue
321 1386 406 1443 quum
420 1387 450 1425 se
463 1369 588 1425 numeris
601 1371 780 1445 commendat
792 1379 822 1427 et
831 1379 910 1426 arte:
926 1400 938 1435 .·

161 1447 253 1504 Discit
266 1447 341 1503 enim
355 1444 438 1504 citidc
451 1446 632 1522 meminitque
643 1446 779 1514 libentius
791 1446 861 1505 illud
940 1472 942 1477 ·

160 1525 247 1586 Quod
261 1525 323 1600 quia
336 1525 453 1596 deridet,
466 1522 551 1600 qudm
564 1527 638 1600 quod
651 1527 749 1602 probat
762 1537 790 1584 et
804 1537 958 1584 veneratur.
1001 1522 1004 1529 ’

163 1602 212 1660 Nil
227 1623 317 1660 moror
330 1603 453 1660 officium
465 1605 539 1679 quod
554 1622 599 1662 me
612 1614 725 1681 gravat:
745 1623 779 1663 ac
792 1605 964 1682 requerere
987 1669 989 1673 ,

162 1681 197 1738 In
211 1682 289 1757 pejus
302 1683 378 1738 vultu
390 1683 506 1757 proponi
518 1702 617 1741 cernue
631 1682 757 1760 usquam,
1033 1682 1095 1741 265

163 1760 226 1817 Nec
240 1757 323 1837 prave
338 1760 417 1819 sactis
431 1761 558 1819 decorari
568 1763 693 1820 versibus
705 1775 788 1839 opto;

162 1838 336 1897 Ne'rubeam
349 1840 446 1916 pingui
460 1840 578 1898 donatus
591 1859 718 1914 munere,
731 1852 761 1899 et
773 1842 830 1899 und

164 1917 237 1974 Cum
251 1919 384 1994 scriptore
398 1937 470 1990 meo,
483 1921 568 1996 caps&
582 1930 726 1996 porrectos
740 1921 846 1996 aperti,

164 1995 280 2054 Deferat
294 1997 322 2054 iu
336 1998 429 2055 vicum
443 1999 610 2056 vendentem
623 2001 689 2057 thus
701 2010 730 2057 et
741 2000 851 2070 odores,

164 2071 200 2131 Et
212 2075 300 2151 piper,
314 2085 342 2133 et
355 2076 488 2151 quidquid
502 2078 607 2136 chartis
617 2078 746 2137 amicitur
760 2077 885 2154 ineptis..
986 2099 989 2103 ¹
1031 2078 1096 2159 {27⁰

484 2391 685 2451 EPlSTOLA
699 2393 740 2450 II.

447 2514 490 2571 Διὶ
506 2531 614 2572 snunu
634 2531 759 2572 riorum.

166 2632 278 2706 Fnonn,
291 2632 365 2692 bono
379 2631 509 2708 claroque
522 2632 612 2690 fidelis
626 2633 717 2690 amice
731 2631 849 2706 Neroni,
857 2675 869 2694 2

166 2715 196 2771 Si
210 2713 273 2788 quis
286 2710 355 2770 fortir
367 2711 432 2769 velit
444 2731 562 2787 puerum
572 2711 626 2769 ¹tibi
639 2712 770 2784 vendere,
784 2723 881 2770 natum

164 2792 272 2850 Tibure
287 2791 328 2848 vel
341 2790 449 2862 Gabiis,
459 2801 488 2848 et
501 2801 595 2847 tecum
608 2791 650 2848 uic
664 2802 744 2867 agat:
765 2795 783 2822 ⁴‘
793 2790 861 2864 Hic,
874 2803 903 2849 et

165 2871 311 2928 Candidus
323 2880 352 2927 et
364 2869 434 2927 talos
448 2888 465 2926 a
478 2870 581 2948 uertice
594 2869 712 2945 pulcher
725 2870 761 2927 ad
775 2869 855 2941 imos,

165 2948 228 3006 Fiet
241 2949 347 3024 eritque
359 2959 424 3006 tuus
437 2966 615 3008 nummorum
629 2948 752 3005 millibus
763 2959 836 3021 octo,
1078 2951 1097 3006 5

165 3026 261 3083 Verna
275 3028 436 3086 ministeriis
450 3028 486 3085 ad
500 3038 585 3086 nutus
598 3037 678 3104 aptus
692 3027 802 3100 beriles,

165 3103 307 3162 Litteruiis
317 3106 425 3163 Graecis
437 3107 571 3178 imbutus,
582 3106 700 3164 idoneus
713 3107 765 3164 arti

165 3181 304 3250 Cuilibet3
325 3185 422 3258 argilld
434 3184 543 3258 quidvis
558 3185 710 3245 imitaberis
723 3185 796 3242 udi:

164 3259 246 3322 Quin
259 3261 343 3316 etiam
356 3272 439 3318 canet
452 3261 606 3335 indoctum,
621 3265 670 3322 aed
681 3261 776 3335 dulce,
791 3264 909 3326 bibenti.

166 3338 258 3395 Multa
271 3337 355 3395 fidem
365 3338 500 3414 promissa
512 3338 615 3412 levant,
629 3342 678 3399 ubi
691 3339 801 3418 plenius
815 3361 895 3418 aeqno
1064 3344 1099 3402 10

167 3417 277 3476 Laudat
290 3416 410 3490 venales,
423 3417 471 3493 qni
485 3417 542 3474 vult
555 3421 712 3493 extrudere,
726 3438 842 3479 merces.

167 3497 322 3573 Resurget
335 3515 379 3553 me
393 3496 479 3571 nulla,
493 3514 631 3554 meorum
645 3516 750 3574 pauper
764 3499 793 3556 in
808 3518 880 3559 aere:

167 3572 261 3634 Nemo
274 3577 327 3633 hoc
340 3592 510 3652 mangonum
524 3576 629 3634 faceret
640 3577 711 3634 tibi:
732 3596 789 3637 non
801 3578 909 3638 temerd
922 3592 1002 3639 aum

167 3652 270 3715 Quivis
283 3656 366 3713 ferret
378 3654 469 3712 idem:
490 3654 576 3714 semei
589 3655 637 3713 bic
649 3655 779 3730 oesauvit,
792 3668 830 3731 et,
844 3659 929 3734 rit-lit,

168 3731 204 3790 In
216 3733 299 3793 aculis
311 3733 391 3794 latuit
402 3743 533 3793 metuam
543 3735 692 3813 pendentia
704 3736 830 3797 baben..
1023 3798 1026 3810 ,
1059 3737 1100 3796 -16
1128 3790 1130 3795 .
