2444 4216
395 187 597 236 SATIRARUM
615 186 679 234 LIB.
697 188 732 236 11.
750 189 773 236 2.

134 331 287 391 Miscueris
300 331 381 404 elixa,
395 331 478 389 simul
493 331 641 409 conchylia
653 331 757 400 turdis;

134 411 240 469 Dulcia
252 430 283 468 se
296 410 326 468 in
339 409 424 473 bilem
437 421 554 482 vertent,
569 401 767 485 stomachoque
781 409 932 469 tumultum

134 487 228 548 Lenta
241 491 310 548 feret
322 489 429 565 pituita
464 490 553 546 Vides
567 499 598 546 ut
610 489 731 565 pallidus
743 508 836 547 omms
1030 492 1068 548 75

133 569 225 627 coent
238 569 369 644 desurgat
383 568 491 624 dubiat
522 568 604 628 Quin
618 587 718 643 corpus
732 579 866 626 onustum
897 621 903 631 ,

134 648 281 706 Hesternis
295 647 367 705 vitiis
380 647 506 704 animum
519 665 628 721 quoque
640 658 794 722 praegravat
807 649 876 720 unii,

134 729 227 802 Atque
241 727 339 802 affligit
349 728 436 783 humo
450 726 552 782 divinae
565 725 731 800 particulam
745 746 828 785 aurae.

62 872 64 877 ⁴
133 807 224 878 Alter,
238 807 286 862 ubi
301 807 377 862 dicto
391 802 475 861 citius
489 816 586 861 curata
600 805 691 880 sopori

61 880 63 888 ⁴
135 883 264 943 Membra
277 885 365 962 dedit,
380 894 495 959 vegetus
508 884 670 959 praescriptu
682 884 717 939 ad
732 885 830 942 munia
844 886 939 962 surgit.
1031 884 1070 942 80

134 964 192 1021 Hic
205 975 300 1022 tamen
315 963 351 1020 ad
365 963 465 1019 melius
477 963 578 1038 poterit
591 974 782 1020 transcurrere
794 965 953 1039 quondam:

136 1044 201 1102 Sive
216 1043 292 1099 diem
303 1042 404 1098 festum
417 1042 529 1098 rediens
543 1042 691 1099 adduxerit
704 1061 810 1112 annus;

135 1123 193 1180 Seu
207 1140 334 1180 recreare
349 1121 421 1179 volet
433 1131 580 1178 tenuatum
594 1128 711 1216 corpus;
722 1121 836 1202 ubique

134 1202 285 1258 Accedent
298 1200 375 1271 euni,
390 1210 418 1256 et
431 1200 545 1256 tractari
559 1196 671 1256 molinis
685 1193 752 1255 aet'as
978 1247 980 1253 .

134 1279 281 1337 Imbecilla
294 1278 374 1337 volet
401 1277 470 1334 Tibi
483 1277 620 1366 quidnam
632 1277 750 1340 accedet
763 1278 820 1334 ad'
813 1289 895 1335 rstam
1033 1279 1071 1336 85

132 1359 231 1420 Quam
245 1377 314 1434 puer
328 1367 357 1413 et
370 1356 478 1412 validus
490 1357 636 1431 praesunris
650 1356 803 1429 mollitiem,
817 1375 868 1414 seu

134 1438 214 1496 Dura
228 1436 356 1493 valetudo
370 1435 508 1507 inciderit,
522 1453 573 1492 seu
587 1437 665 1492 tarda
677 1437 828 1493 senectus?

174 1515 339 1574 Rancidum
354 1533 451 1589 aprum
467 1515 573 1589 antiqui
587 1514 756 1572 laudabant:
778 1535 835 1573 non
849 1516 915 1592 quis
927 1533 1014 1574 nasus

135 1595 196 1652 Illis
210 1595 304 1651 nullus
314 1605 385 1666 erat
397 1595 456 1665 sed,
471 1595 566 1666 credo,
581 1595 636 1650 hac
649 1605 743 1651 mente
746 1592 842 1670 quod
854 1597 955 1672 hospes

135 1673 261 1732 Tardius
275 1673 426 1730 adveniens
440 1673 566 1730 vitiatum
580 1670 755 1731 commodius
757 1673 863 1749 ,qudm
1033 1675 1072 1732 90

134 1753 281 1830 Integrum
292 1754 364 1809 edax
377 1752 517 1824 dominus,
531 1765 716 1811 consumeret.
752 1753 814 1811 Hos
827 1755 934 1812 utinam
948 1754 1020 1811 inter

134 1833 245 1891 Heroas
259 1841 355 1888 natum
366 1831 447 1887 tellus
461 1851 505 1888 me
519 1832 609 1907 prima
622 1833 746 1888 tulisset!
844 1831 847 1835 ’

174 1911 236 1968 Das·
246 1911 349 1986 aliquid
363 1911 453 1983 famae,
467 1929 529 1985 quae
543 1912 668 1968 carmine
681 1911 784 1986 gratior
798 1930 893 1968 aurem

134 1990 265 2066 Occupat
280 1991 450 2046 humanam?
483 1991 613 2047 Grandes
626 1990 735 2046 rhombi
749 1990 906 2064 patinaeque
989 1992 992 2000 '

136 2070 252 2127 Grande
267 2069 360 2126 serunt
374 2070 432 2125 ιιιιῖι
446 2087 511 2124 curn
526 2070 632 2125 damno
643 2069 784 2124 dedecus:
805 2069 877 2126 adde
1033 2068 1072 2125 95

135 2148 242 2207 Iratum
255 2160 395 2236 patruum,
410 2148 526 2218 vicinos,
542 2158 568 2203 te
583 2147 633 2203 tibi
647 2148 810 2222 iniquum,

135 2228 175 2286 Et
188 2227 290 2284 frustra
305 2227 401 2283 mortis
415 2194 558 2301 cupiduin,
573 2245 658 2331 quum
669 2227 758 2284 deerit
771 2228 865 2303 egenti

135 2308 178 2364 As
180 2307 292 2382 ,laquei
306 2306 433 2381 pretium.
469 2305 596 2378 “,''Jure
612 2306 740 2381 inquit,‘
744 2306 922 2363 ‘Trausius
915 2305 975 2363 rstis

135 2353 270 2462 Juigatur
285 2386 391 2442 verbis:
412 2403 465 2461 ego
479 2385 627 2462 vectigalia
640 2403 751 2460 magna

135 2464 309 2546 Divitiasque
323 2465 413 2520 habeo
426 2464 515 2520 tribus
529 2465 635 2559 amplas
648 2464 790 2551 regibusJ'
820 2461 905 2537 Ergo,
1018 2463 1073 2520 100

134 2544 223 2607 Quod
238 2540 358 2624 superat,
372 2561 429 2597 non
443 2553 486 2598 est
499 2540 601 2598 melius
614 2561 670 2616 quo
685 2541 826 2597 insumere
840 2541 949 2616 possis?
1019 2606 1021 2610 y

134 2623 196 2681 Cur
210 2630 274 2696 eget
288 2621 421 2694 indignus
434 2621 590 2693 quisquam,
601 2631 629 2676 te
643 2620 747 2676 divite?
780 2620 879 2681 Quare

136 2701 259 2776 Templa
272 2709 358 2755 ruunt
372 2697 493 2771 antiqua
500 2698 605 2754 deum?
639 2698 697 2755 Cur
700 2699 856 2775 ‚improbe
871 2716 944 2759 carae

136 2781 203 2838 Non
218 2778 323 2853 aliquid
336 2777 432 2853 patriae
446 2788 523 2834 tanto
537 2778 659 2834 emetiris
674 2780 792 2836 aceriod

136 2861 192 2918 Uni
207 2859 339 2915 nimirum
354 2856 405 2912 tibi
419 2853 495 2912 recte
510 2876 619 2932 semper
633 2868 716 2914 erunt
729 2858 794 2914 rest

136 2939 163 2997 Ο
178 2956 296 3014 magnus
310 2936 427 3011 posthac
440 2936 563 2992 inimicis
577 2936 666 2992 risus!
688 2936 794 2993 Uterne

137 3019 183 3075 Ad
197 3036 279 3074 casus
293 3016 390 3072 dubios
404 3014 472 3071 fidet
485 3015 537 3070 sibi
551 3013 674 3084 certiirs3
696 3015 743 3071 hic
756 3015 804 3089 qui

137 3097 268 3154 Pluribus
282 3093 539 3155 assuerit'mentem
551 3112 707 3169 corpusque
721 3094 888 3170 superbum3

136 3177 184 3233 An
197 3176 254 3251 qui,
268 3185 418 3233 contentus
432 3192 516 3249 parvo
531 3183 729 3262 metuensque
728 3173 822 3246 futuri,

137 3254 173 3312 In
186 3273 265 3330 pace,
280 3265 311 3311 ut
324 3253 446 3329 sapiens,
461 3251 564 3327 aptant
577 3252 678 3309 idonea
693 3253 783 3311 bellot
1019 3254 1075 3311 110

173 3331 242 3395 Qud
257 3330 347 3407 magis
361 3333 404 3389 his
416 3332 530 3399 credas;
552 3349 620 3406 puer
635 3333 711 3389 hunc
724 3352 777 3410 ego
790 3351 891 3408 parvus
903 3329 1048 3390 Ofellum

136 3411 257 3488 Integris
270 3412 369 3487 opibus
382 3412 446 3468 novi
461 3430 517 3467 non
532 3411 616 3467 latitis
630 3431 721 3484 usum,

134 3489 232 3555 Quem
246 3508 324 3547 nunc
337 3491 444 3546 accisis
479 3490 585 3547 Videas
599 3501 702 3547 metato
716 3491 745 3545 in
757 3492 848 3565 agello

137 3571 211 3628 Cum
224 3588 325 3672 pecorq
339 3579 368 3624 et
380 3569 471 3643 gnatis
486 3571 583 3627 sortem
598 3569 728 3626 mercede
743 3569 884 3640 colonum,

136 3649 233 3708 ‘Non
243 3649 314 3725 ego
317 3648 529 3721 ἰιιιιιιιιιιιιιιι,2
533 3644 656 3705 ‘temere
671 3646 716 3702 edi
727 3646 790 3704 luce
804 3615 924 3725 prote'sta
1019 3650 1074 3707 115

135 3729 311 3803 Quidquam,
324 3735 424 3800 praeter
437 3726 508 3800 olus,
523 3727 638 3805 furnosae
652 3743 718 3781 oum
730 3729 802 3802 pede
815 3746 917 3802 pernas.
