2444 4216
404 189 606 261 sicininum
624 190 689 241 uro.
705 193 743 241 rr.
758 195 782 242 r.
1025 201 1081 260 1³9

152 331 240 404 Dum,
253 352 315 409 quae
329 332 451 410 Crispini
465 335 561 394 docuit
573 353 619 395 me
629 333 743 411 janitor,
756 337 819 396 cdo.
856 388 885 399 .,
942 387 945 392 .
1041 342 1082 399 45

153 416 171 443 ‘¹
181 411 247 470 Non
256 431 319 474 sum
329 414 482 486 moeclurs,’'
495 414 543 473 ais.
573 413 675 490 Neque
685 412 749 491 ego',
756 415 883 491 hercule,
892 417 946 492 fiir,
955 419 1003 479 ubi
1015 437 1081 479 rasa
1160 467 1165 480 .

152 491 292 548 Praetereo
305 488 415 567 sapiens
428 505 569 568 argentea.
610 491 692 550 Tolle
706 495 851 570 periclum,

152 569 171 626 J
173 589 218 627 am
229 589 298 647 vaga
310 571 433 646 prosiliet
447 571 540 628 fraeuis
554 583 654 628 natura
666 573 786 631 remotis.

151 647 237 706 'I'une
248 649 316 706 mihi
329 651 470 727 dominus,
485 668 578 706 rerum
592 651 715 726 imperiis
728 653 935 730 hominumque

151 727 210 786 Tot
222 729 359 804 tantisque
374 729 474 800 minor,
488 747 571 803 quem
586 740 628 787 ter
641 729 764 788 vindicta
777 744 927 808 quaterque
1041 734 1081 794 50

150 805 285 882 imposita
299 809 373 864 haud
388 826 509 882 uuquam
524 808 625 864 miserit
640 807 786 866 formidine
799 813 906 886 privetl

151 886 234 951 Adde
243 907 342 962 super,
353 887 437 943 dictis
448 887 523 962 quod
536 907 593 945 non
606 883 696 945 levitis
707 888 812 946 valeat:
833 909 898 947 nam

151 964 215 1022 Sive
231 965 350 1024 vicarius
363 978 415 1037 est,
429 966 476 1040 qui
490 985 568 1024 servo
582 978 669 1043 paret,
685 964 724 1024 uti
739 987 799 1024 mos

149 1042 249 1102 Vester
263 1045 311 1116 ait,
326 1063 376 1101 seu
389 1064 554 1116 conservus;
575 1045 625 1103 tibi
639 1047 705 1120 quid
719 1066 780 1103 sum
795 1047 867 1122 egel
906 1047 1016 1125 Nempe

148 1121 207 1194 Tu,
222 1123 291 1180 milri
304 1125 351 1199 qui
365 1124 515 1200 imperitas,
531 1125 593 1181 aliis
607 1125 693 1181 servis
706 1125 799 1200 miser,
815 1137 895 1200 atquc
1041 1129 1080 1186 55

149 1200 269 1259 Duceris
283 1216 314 1260 ut
327 1203 420 1260 nervis
433 1203 532 1260 alienis
546 1204 647 1260 mobile
661 1203 777 1278 lignum.

148 1280 291 1342 Quisnam
306 1282 391 1358 igitur
405 1281 495 1338 liberl
513 1281 644 1357 Sapiens
658 1281 711 1338 sibi
724 1281 772 1356 qui
786 1282 964 1358 imperiosus;

148 1359 246 1421 Quem
260 1380 351 1435 neque
365 1361 520 1437 pauperies,
535 1380 626 1435 neque
640 1380 722 1433 mors,
733 1378 823 1436 neque
838 1362 948 1421 vincula
959 1373 1079 1434 terrent;

148 1437 328 1515 Responsare
343 1440 531 1514 cupidinibus,
546 1438 725 1512 contemnere
739 1441 857 1498 honores

140 1517 251 1591 Fortis,
265 1530 294 1576 et
307 1519 336 1576 in
350 1519 441 1595 seipso
455 1530 537 1591 totus,
551 1531 624 1576 teres
638 1518 720 1594 atque
734 1521 877 1593 rotundus,
1041 1521 1080 1579 60

126 1598 127 1603 ’
147 1595 266 1655 Externi
280 1597 394 1672 nequid
408 1598 498 1656 valeat
511 1618 559 1674 per
572 1598 632 1656 leve
647 1599 767 1669 morari3

148 1674 184 1733 In
197 1696 280 1752 quem
294 1696 396 1734 manca
409 1678 465 1734 ruit
478 1697 588 1754 semper
601 1677 732 1735 Fortuna.
774 1677 892 1737 Potesne

148 1754 193 1813 Ex
207 1757 250 1814 his
264 1768 293 1813 ut
305 1757 526 1832 propriumquid
542 1758 678 1815 noscerel
717 1757 852 1834 Quinque
865 1758 969 1816 talenta

148 1833 242 1893 Poscit
255 1847 283 1893 te
297 1836 406 1908 mulier,
421 1849 510 1910 vexat,
526 1836 684 1913 foribusque
697 1837 839 1912 repulsum

147 1913 294 1972 Perfundit
304 1915 415 1991 gelida:
437 1934 532 1973 rursus
546 1927 634 1973 vocat.
674 1915 760 1990 Eripe
774 1915 847 1989 turpi
1039 1915 1078 1974 65

147 1992 227 2052 Colla
238 1995 322 2071 jugo:
344 2000 360 2025 “
371 1995 465 2067 Liber,
479 1996 549 2052 liber
564 1996 653 2066 sum,”
669 1995 716 2049 dic
730 2013 789 2069 age.
830 1992 896 2050 Non
910 1993 988 2070 quis3

146 2071 234 2150 Urget
247 2075 323 2131 enim
337 2075 467 2131 dominus
481 2085 603 2131 mentem
617 2091 674 2130 nou
685 2072 765 2144 lenis,
780 2083 808 2130 et
821 2092 900 2130 acres

148 2151 293 2229 subjectat
306 2153 379 2210 lasso
390 2155 524 2225 stimulos,
539 2163 683 2227 versatque
696 2164 854 2230 negantem.

146 2230 210 2303 Vel,
224 2252 309 2307 quum
324 2231 461 2289 Pausiaca
475 2239 577 2308 torpes,
592 2231 699 2303 inspue,
713 2230 824 2302 tabelli,

145 2309 207 2371 Qui
221 2331 325 2387 peccas
338 2309 432 2369 mimis
447 2323 528 2387 atque
539 2331 602 2388 egO,
615 2329 701 2387 quum
716 2309 797 2368 Fulvi
811 2311 1000 2384 Rutubaeque,
1040 2309 1078 2368 70

145 2390 206 2447 Aut
219 2390 390 2447 Placideiani
406 2404 537 2449 contento
550 2391 653 2466 poplite
666 2390 751 2447 miror

144 2468 257 2540 Proelia,
271 2469 382 2526 rubrica
396 2471 471 2544 picta
485 2482 533 2526 aut
546 2470 683 2537 carbone;
705 2467 779 2524 velut
792 2467 815 2524 si

144 2547 272 2604 Reverti
286 2560 421 2622 pugnent,
436 2549 537 2605 feriant
550 2548 690 2620 vitentque
704 2556 848 2602 moventes

121 2660 122 2664 =
145 2627 236 2683 Arma
248 2624 317 2680 viril
357 2624 487 2699 Nequam
501 2636 529 2683 et
542 2636 663 2681 cessator
678 2623 790 2694 Davus;
811 2634 839 2681 at
852 2622 910 2700 ipse

145 2704 263 2763 Subtilis
277 2716 401 2760 veterum
412 2703 500 2779 judex
513 2715 541 2760 et
554 2703 672 2760 callidus
686 2702 774 2760 audis.
1038 2705 1076 2761 75

144 2783 195 2841 Nil
210 2803 272 2860 ego,
283 2784 310 2860 si
324 2784 410 2839 ducor
424 2783 480 2840 libo
494 2783 634 2840 sumente:
655 2782 705 2839 tibi
719 2782 819 2859 iugens

144 2864 242 2922 Virtus
256 2874 339 2938 atque
353 2863 464 2921 animus
477 2862 565 2919 coenis
579 2873 722 2938 responsat
734 2861 843 2937 opimis.

51 3005 54 3008 ,
143 2941 321 3018 Obsequium
335 2941 439 2998 ventris
452 2942 521 2999 mihi
535 2940 718 3017 perniciosius
732 2951 789 2996 est:
810 2940 879 2996 curi
909 3012 910 3015 Ἴ

144 3022 241 3100 Tergo
254 3023 361 3098 plector
374 3021 459 3079 enim.
499 3019 561 3082 Qui
575 3032 605 3077 tu
620 3019 781 3094 impunitior
794 3018 861 3096 illa,

143 3101 218 3163 Quae
234 3121 317 3177 parvo
331 3100 405 3158 sumi
418 3110 572 3174 nequeunt,
586 3117 672 3174 quum
685 3096 802 3154 obsonia
815 3098 929 3173 captasl
1038 3098 1076 3156 8⁰

144 3179 254 3256 Nempe
268 3181 476 3239 inamarescunt
489 3179 578 3253 epulae
592 3176 652 3234 sine
666 3176 722 3233 line
735 3176 838 3252 petitae,

145 3258 280 3336 Illusique
292 3261 379 3337 pedes
394 3259 522 3316 vitiosum
538 3257 608 3314 ferre
622 3267 754 3314 recusant

143 3339 261 3416 Corpus.
302 3341 349 3396 An
363 3338 410 3396 hic
423 3349 533 3414 peccat,
547 3337 600 3393 sub
613 3348 723 3394 noctem
737 3334 784 3411 qui
796 3353 865 3411 puer
879 3354 960 3393 uvam

144 3419 287 3478 Furtivam
302 3429 390 3476 mutat
403 3417 501 3494 strigili
513 3418 525 3472 l
545 3416 591 3491 qui
604 3416 709 3494 praedia
721 3415 825 3486 vendit,

143 3498 193 3557 Nil
207 3498 316 3568 servile,
330 3497 402 3572 gule
415 3517 526 3572 parens,
540 3496 643 3553 habeti
682 3493 776 3565 Adde,
790 3490 865 3568 qudd
880 3493 953 3551 idem
1037 3487 1076 3545 85

120 3623 122 3630 >
144 3579 211 3638 Nou
226 3579 321 3634 horam
335 3586 430 3633 tecum
443 3596 504 3634 esse
518 3587 597 3652 potes
605 3596 613 3645 ;
634 3593 690 3630 non
703 3571 761 3629 otia
774 3569 850 3630 recte
945 3633 947 3638 ,

143 3657 270 3727 Ponere3
292 3666 374 3730 teque
385 3654 480 3731 ipsum
493 3656 573 3728 vitas,
588 3651 719 3730 fugitivus
733 3659 763 3708 ut
775 3669 847 3722 erro,
