2444 4216
432 187 462 244 Q.
480 187 623 235 HORATII
640 187 764 236 FLACCI

273 329 380 404 Faetus,
394 312 529 387 incolunii
543 329 675 388 caessret
694 331 757 404 quis
769 330 837 387 ferre

427 407 538 466 Bellum
552 419 631 466 curet
645 408 765 466 lberiaei

272 487 376 547 Condit
388 488 504 562 quisque
518 488 592 545 diem
607 488 726 545 collibus
738 487 767 544 in
781 487 851 561 suis,
864 521 866 524 ·

272 567 310 624 Et
323 567 406 623 vitem
422 567 519 624 viduas
532 567 611 624 ducit
619 567 660 641 ¹ad
674 567 801 626 arbores:
901 594 903 597 ·

273 645 351 703 Hinc
366 647 401 702 ad
415 646 481 702 vina
493 647 565 704 redit
578 647 667 717 letus,
681 656 710 703 et
723 646 817 702 alteris

427 723 473 782 Te
487 726 592 783 mensis
605 725 719 782 adhibet
733 725 834 781 deum:

270 801 317 860 Te
330 803 418 861 multi
432 823 529 880 prece·
538 816 567 862 te
581 804 756 881 prosequitur
770 821 848 860 mero

271 881 378 940 Defuso
391 884 508 959 pateris3
530 894 558 941 et
571 883 691 940 Laribus
704 894 783 939 tuum

270 960 374 1019 Miscet
387 981 502 1034 numen,
517 963 557 1020 uti
571 963 683 1020 Graeoia
696 961 822 1019 Castoris

426 1041 463 1098 Et
476 1043 572 1118 magni
585 1061 691 1098 memor
706 1040 850 1098 Herculis.

271 1124 289 1150 “
300 1119 413 1196 longas
426 1140 443 1178 o
457 1122 574 1193 utinum,
588 1121 645 1178 dux
659 1121 741 1192 bone,
757 1120 853 1176 ferias·

270 1198 389 1256 Praestes
402 1199 548 1276 Hesperiae
557 1200 594 1279 VV
604 1200 726 1257 dicimus
738 1199 849 1274 integro

271 1279 349 1336 Sicci
362 1276 446 1336 mane
462 1279 517 1351 die,
532 1278 653 1336 dicimus
667 1278 752 1350 uvidi,

424 1357 525 1419 Quum
538 1359 578 1416 sol
593 1358 711 1415 Oceano
725 1344 844 1451 subest)

532 1670 614 1729 ODE
634 1672 670 1730 V.

483 1810 522 1848 AD
536 1809 716 1848 APOLLINEM.

268 1913 357 1986 Drvu,
370 1931 453 1990 quern
467 1912 558 1988 proles
571 1910 683 1972 Niobea
696 1930 807 1988 magnae

269 1993 420 2052 Vindicem
435 1992 549 2068 lingue,
564 1990 719 2066 Tityosque
733 2002 836 2067 raptor,

268 2073 373 2143 Sensit,
387 2082 416 2128 et
429 2071 524 2146 Trojae
537 2068 623 2147 prop'd
638 2072 725 2128 victor
738 2071 801 2128 altae

424 2150 542 2207 Phthius
556 2150 693 2223 Achilles,

268 2229 385 2287 Ceteris
398 2228 495 2304 major,
510 2229 560 2285 tibi
574 2229 654 2285 miles
668 2229 772 2305 impar;
863 2254 865 2259 ’

267 2308 359 2367 Filius
372 2326 531 2383 quanquam
545 2305 685 2364 Tlretidos
699 2308 815 2364 marinae

267 2387 414 2446 Dardanas
427 2398 518 2444 turres
530 2397 656 2462 quateret
669 2384 816 2444 tremende

422 2466 548 2542 Cuspide
561 2484 691 2542 pugnax:
819 2471 822 2475 ’

232 2585 234 2591 ·
266 2546 329 2619 Ille,
343 2547 468 2606 mordaci
481 2546 556 2603 vetur
570 2546 625 2602 icta
639 2544 712 2603 ferro
741 2578 748 2583 -

266 2626 363 2697 Pinus,
378 2636 426 2682 aut
439 2625 559 2701 impulsa
571 2643 721 2700 cupressus
733 2622 820 2697 Euro,

266 2704 390 2762 Procidit
403 2701 469 2773 lete,
483 2704 630 2777 posuitque
642 2703 744 2760 collum
758 2704 788 2760 in

422 2781 540 2838 Pulvere
554 2780 677 2837 Teucro.

266 2862 318 2920 Ille
332 2881 398 2934 non,
413 2860 539 2918 inclusus
552 2877 624 2934 equo
638 2857 775 2915 Minervae
819 2921 822 2929 Ι

266 2944 353 3000 Sacra
366 2940 493 3012 mentito,
507 2935 580 2995 meld
596 2937 707 2996 feriatos

266 3021 358 3079 Troas
371 3032 399 3079 et
412 3021 504 3078 tetam
518 3019 623 3077 Priami
637 3016 748 3075 choreis

423 3099 545 3157 Falleret
558 3099 651 3158 aulam
665 3117 671 3155 :

267 3178 325 3235 Sed
339 3177 430 3252 paldm
445 3179 533 3251 captis
546 3179 647 3253 gravis,
662 3178 718 3235 heu
731 3174 824 3235 nefas!
845 3175 916 3235 heu!

266 3254 388 3312 Nescios
401 3255 452 3312 fari
465 3273 567 3329 pueros
581 3256 699 3313 Achivis

266 3334 367 3392 Ureret
381 3333 510 3403 flammis,
525 3334 607 3390 etiam
623 3334 756 3394 latentem

423 3411 523 3469 Matris
537 3412 566 3470 in
580 3413 657 3482 clv03

267 3491 318 3565 Ni,
331 3492 387 3549 tuis
400 3493 490 3550 victus
503 3491 677 3566 Venerisque
691 3503 777 3570 grate

268 3572 402 3644 Vocibus,
417 3571 511 3629 divdm
526 3571 609 3628 Peter
623 3572 767 3631 adnuisset

267 3651 368 3710 Rebus
382 3651 482 3708 AEneoe
495 3650 601 3727 potiore
614 3650 713 3709 ductos

428 3729 500 3788 Alite
513 3748 615 3788 muros.
