2444 4216
403 203 605 252 SATIRARUM
622 203 739 251 trusit.
758 207 779 252 1.

518 415 667 457 nonarius„

394 500 562 577 *Cupidum,
576 511 654 574 pater
667 503 781 578 optime,
796 502 870 559 vires
937 536 940 541 ·

138 577 300 637 Deficiunt:
321 598 411 654 neque
425 581 502 636 enim
515 581 604 655 quivis
618 580 759 651 horrentia
771 581 835 656 pilis

139 658 274 733 Agmina,
288 676 342 714 nec
355 658 443 716 fracti
456 670 607 734 pereuntes
620 660 735 734 cuspide
749 660 856 732 Gallos,

139 737 200 793 Aut
212 736 330 794 labentis
343 757 416 812 equo
430 738 570 794 describat
583 737 698 795 vulnera
708 738 813 796 Parthi.
1040 738 1077 797 15

508 886 667 918 ununn'rlus.

140 972 275 1029 Attamen
288 983 317 1028 et
328 972 433 1047 justum
447 983 556 1047 poteras
569 984 598 1031 et
611 973 733 1030 scribere
745 971 854 1046 fortem,

140 1049 301 1128 Scipiadam
315 1062 346 1108 ut
359 1050 470 1126 sapiens
483 1051 618 1108 Lucilius.

515 1200 658 1238 HORATIUS.

494 1317 507 1336 ν
585 1337 587 1340 ,
644 1286 731 1344 Haud
745 1288 813 1346 mihi
827 1288 921 1367 deero,

137 1368 239 1429 Quum
253 1386 298 1423 res
311 1367 371 1441 ipsa
385 1366 461 1421 seret.
495 1364 560 1431 Nisi
573 1366 671 1423 dextro
684 1378 818 1443 tempore,
833 1367 931 1427 Flacci

139 1446 236 1504 Verba
248 1464 298 1521 per
312 1456 446 1502 attentam
460 1464 518 1504 non
532 1446 612 1502 ibunt
626 1445 746 1503 Caesaris
761 1466 872 1507 aurem:

138 1525 195 1583 Oui
209 1522 282 1581 male
297 1524 321 1580 si
335 1524 456 1600 palpere,
471 1524 629 1583 recalcitrat
643 1526 768 1600 undique
781 1536 867 1583 tutus.
963 1536 965 1539 '
1036 1526 1077 1586 20

506 1673 664 1708 TREBATIUS·

136 1760 257 1824 Quantd
271 1759 376 1818 rectius
390 1762 452 1833 hoc,
467 1759 551 1836 qudrri
565 1761 636 1818 tristi
650 1762 752 1819 laedere
765 1782 847 1821 versu

138 1841 325 1899 Pantolabum
340 1859 464 1897 scurram
478 1840 745 1915 Nomentanumque
759 1843 910 1918 nepotem!

138 1921 238 1982 Quum
251 1920 304 1976 sibi
318 1920 434 1994 quisque
448 1919 537 1992 timet,
551 1939 710 1994 quanquam
723 1931 767 1978 est
780 1922 912 1994 intactae,
926 1933 955 1983 et
967 1922 1038 1980 odit.

514 2068 655 2100 flonetius.

136 2158 218 2219 Quid
233 2158 355 2215 laciaml
390 2156 478 2213 Saltat
493 2155 636 2227 Milonius,
651 2167 682 2214 ut
695 2157 781 2215 semel
795 2159 852 2218 icto

138 2237 271 2294 Accessit
281 2237 369 2293 servor
383 2235 468 2311 capiti
482 2254 672 2311 numerusque
683 2237 821 2297 lucernis:

139 2316 240 2374 Castor
254 2316 357 2391 gaudet
370 2315 464 2389 equis3
486 2335 538 2373 ovo
551 2327 703 2392 prognatus
717 2318 827 2389 eodem,

137 2395 261 2470 Pugnis:
282 2406 349 2468 quot
362 2395 486 2468 capitum
500 2395 605 2466 vivunt,
619 2396 736 2453 totidem
750 2397 905 2454 studiorum

138 2473 239 2531 Millia.
274 2471 323 2530 Me
336 2474 454 2548 pedibus
468 2474 589 2530 delectat
602 2475 734 2531 claudere
749 2475 843 2545 verba,

138 2551 233 2611 Lucili
247 2552 312 2621 ritu,
327 2552 455 2620 nostrrim
470 2552 593 2607 melioris
608 2562 733 2626 utroque.

138 2632 192 2689 Ille
205 2631 280 2686 velut
293 2629 356 2685 fidis
369 2647 472 2685 arcana
486 2629 626 2685 sodalibus
638 2630 705 2686 olim
1035 2635 1076 2692 30

139 2709 280 2768 Credebat
294 2708 387 2775 libris;
408 2726 508 2781 neque,
523 2708 546 2764 si
560 2705 634 2765 male
649 2720 780 2783 cesserat,
794 2728 911 2786 usquam

138 2790 301 2847 Decurrens
315 2783 380 2857 alid,
395 2805 485 2861 neque
501 2787 524 2843 si
539 2788 628 2844 bene:
648 2807 704 2864 quo
716 2786 792 2865 litut
804 2790 897 2848 omnis

138 2868 240 2927 Votivd
253 2877 346 2943 pateat
358 2866 443 2922 veluti
457 2867 596 2942 descripta
609 2868 711 2924 tabella

139 2950 206 3006 Vita
219 2947 302 3004 senis.
338 2946 445 3020 Sequor
460 2947 546 3018 hunc,
560 2945 694 3004 Lucanus
708 2967 745 3004 an
760 2947 899 3023 Appulus,
913 2967 1034 3026 anceps:

139 3027 215 3085 Nam
227 3025 391 3083 Venusinus
405 3036 463 3081 arat
477 3025 562 3081 finem
577 3027 629 3080 sub
643 3036 791 3100 utrumque
804 3027 930 3100 colonuS,
1034 3031 1074 3089 35

140 3105 244 3163 Missus
258 3107 294 3161 ad
308 3106 371 3175 hoo,
385 3105 482 3179 pulsis,
497 3115 576 3160 vetus
589 3114 632 3160 est
645 3115 676 3161 ut
690 3105 772 3176 fama,
788 3106 916 3180 Sabellis,

138 3183 207 3246 Quo
222 3203 257 3241 ne
271 3203 319 3259 per
333 3202 453 3239 vacuum
468 3182 599 3239 Romano
612 3184 767 3242 incurreret
780 3186 882 3256 hostis;

140 3265 205 3321 Sive
219 3260 294 3338 quod
308 3262 421 3338 Appula
434 3281 513 3337 gens,
528 3281 578 3318 seu
591 3260 667 3339 qudd
682 3264 810 3322 Lucania
823 3265 932 3323 bellum

140 3343 284 3400 Incuteret
297 3342 427 3399 violenta.
463 3342 520 3398 Sed
534 3342 580 3398 hic
593 3342 680 3417 stylus
693 3345 768 3401 haud
782 3355 858 3420 petet
871 3345 945 3403 ultro

139 3422 311 3496 Quenquam
325 3421 510 3490 animantem
532 3432 560 3479 et
574 3442 618 3479 me
633 3423 716 3479 veluti
730 3424 868 3482 custodiet
880 3424 956 3482 ensis
1033 3422 1073 3479 to

141 3502 252 3577 Vagind
266 3510 375 3567 tectus3
396 3519 478 3575 quem
492 3519 542 3558 cur
556 3502 722 3576 distringere
736 3520 831 3575 coner,
861 3513 865 3527 “

140 3579 235 3637 Tutus
249 3579 285 3635 ab
295 3577 402 3635 infestis
415 3580 587 3638 latronibusl
621 3580 649 3637 Ο
662 3590 740 3653 pater
754 3591 782 3637 et
795 3600 845 3638 rex

141 3658 261 3736 Jupiter,
276 3668 308 3714 ut
320 3667 415 3732 pereat
427 3660 548 3734 positum
561 3659 690 3734 rubigine
704 3659 800 3733 telum,

101 3797 104 3816 ἦ
140 3737 363 3813 Necquisquam
377 3748 478 3794 noceat
490 3738 593 3812 cupido
606 3737 675 3794 mibi
689 3738 781 3813 pacisl
816 3738 857 3794 At
869 3735 925 3802 ille,
1010 3743 1046 3809 “f
