2444 4216
471 192 502 250 Q·
519 189 663 245 HORATH
680 190 803 242 sunum
843 224 847 229 -

505 382 760 484 urrsronr'x.
794 480 797 486 ,

462 550 502 590 so
515 527 635 591 roseum
646 543 798 591 snrsnmrr.

182 651 277 713 linars
291 660 442 710 amatorem
456 649 584 709 Fuscum
595 650 706 708 salvere
715 649 847 726 jubemus

183 732 272 797 Ruris
285 741 423 789 amatores
434 749 441 800 3
463 729 519 787 hdo
533 729 563 786 in
576 746 608 794 re
622 728 732 788 seilioet
744 731 802 795 uui

182 807 305 868 Multum
318 808 477 883 dissimiles,
486 809 527 866 ‚ad
541 818 644 866 uetera
656 805 731 884 peuri
744 809 864 884 gemelli.

79 930 86 943 .
181 889 324 947 Fraternis
337 887 449 960 animis,
461 887 597 963 quidquid
610 898 696 964 neget
709 888 788 960 uter,
799 898 829 947 et
838 889 923 948 alter:

180 968 344 1044 Annuimus
357 967 470 1043 pariter,
482 963 570 1024 retuli
583 966 697 1042 notique
711 966 851 1038 oolumbi;
1045 1003 1047 1006 <
1099 971 1119 1028 5

179 1045 229 1104 Tu
243 1047 341 1106 nidum
354 1064 458 1117 servas,
471 1063 525 1122 ego
538 1044 622 1104 leudo
636 1046 708 1105 ruris
720 1046 837 1103 amoeni·
918 1070 920 1076 ¹

180 1125 278 1198 Rivos,
292 1136 322 1183 et
335 1143 434 1183 museo
446 1124 605 1183 oirermlita
619 1143 695 1197 saxa,
709 1128 872 1200 nemusque.

177 1204 259 1267 Quid
273 1204 397 1280 quaerisl
417 1205 488 1276 rivo,
502 1214 531 1261 et
543 1222 641 1283 regno,
654 1204 738 1262 simul
752 1205 804 1262 ista
817 1205 916 1280 reliqui

127 1284 132 1297 ‘
178 1283 254 1346 Qua
268 1302 317 1342 vos
330 1282 366 1340 ad
380 1282 608 1341 ooelurnr'effertis
615 1302 728 1342 rumore
740 1285 882 1342 seeundo:
1034 1324 1046 1331 .,

179 1361 271 1438 thue
285 1363 438 1439 saperdotis
451 1362 594 1438 lirgitivus,
606 1362 664 1421 lib'a
677 1381 777 1422 recuso
785 1362 824 1433 ;'²s
863 1358 866 1362 ’
909 1376 911 1380 ‘
1084 1366 1118 1424 10

178 1440 256 1499 Pane
269 1461 349 1518 egeo,
360 1441 419 1518 jam
432 1441 545 1499 mellitis
558 1441 664 1518 potiore
677 1442 824 1518 placentis.

217 1521 320 1579 Vivere
334 1532 441 1579 naturae
455 1520 479 1578 si
492 1521 692 1579 eonvenienter
705 1533 824 1597 oportet,

178 1599 376 1674 Poneudaeque
390 1601 473 1658 domo
486 1599 639 1678 querenda
651 1611 695 1658 est
707 1619 774 1658 area
786 1597 926 1678 primum

178 1678 326 1737 Novistine
339 1680 433 1736 looum
446 1679 582 1755 potiorem
595 1698 660 1737 rure
674 1680 778 1739 beatol

178 1756 230 1815 Est
242 1758 292 1815 ubi
305 1754 374 1834 plirs
381 1768 495 1834 tepeant
509 1759 638 1816 hiemesl
658 1760 706 1816 ubi
720 1759 823 1837 gratior
836 1778 907 1817 aurs
962 1800 965 1809 -
1071 1761 1116 1820 -15

177 1836 281 1895 Leniat
293 1848 322 1896 et
336 1837 442 1897 rabiem
456 1837 556 1910 Oanis,
567 1849 596 1895 et
609 1849 751 1895 momenta
765 1838 881 1909 Leonis,

176 1917 276 1978 Quum
291 1916 378 1975 semel
392 1917 503 1992 aeeepit
515 1917 602 1975 solem
616 1914 783 1974 furibundus
797 1918 934 1975 aeuturnl

177 1995 229 2053 Est
242 1996 290 2054 ubi
303 1996 416 2057 divellat
429 2003 541 2055 somnos
554 1994 649 2057 minis
662 1997 755 2054 invida
769 1998 860 2054 oural

176 2073 310 2132 Deteriirs
324 2075 439 2150 Libyeis
448 2075 505 2134 olet
518 2088 567 2134 aut
580 2074 652 2134 uitet
664 2076 752 2133 lrerba
764 2075 864 2152 lapillis
874 2077 891 2150 l¹

176 2153 275 2214 Purior
290 2153 320 2210 in
334 2153 403 2211 vieis
416 2173 489 2230 aqua
498 2155 589 2212 tendit
602 2174 732 2233 rumpere
744 2155 901 2232 plumbum,
1076 2155 1114 2213 20

174 2230 274 2295 Quin
287 2250 350 2307 quae
363 2251 412 2308 per
425 2252 546 2309 pronum
559 2234 754 2308 trepidattum
769 2243 912 2291 murmure
926 2233 1037 2294 ritant

175 2310 288 2387 Nempe
302 2311 374 2369 inter
387 2311 478 2380 varias
492 2311 614 2378 nutritur
627 2313 697 2370 silva
710 2313 866 2385 columnas,

175 2390 374 2466 Laudaturque
387 2391 488 2448 domus
497 2390 596 2468 longos
609 2409 672 2466 qure
685 2391 819 2471 prospicit
829 2411 918 2468 agros.
1006 2429 1008 2435 ·

174 2469 313 2527 Naturam
324 2470 449 2546 expelles
462 2469 552 2542 lutei,
566 2481 660 2528 tumen
674 2472 910 2547 usque-recurret,
1152 2524 1154 2528 .

174 2548 213 2607 Et
225 2549 299 2607 mala
310 2559 472 2626 perrumpet
485 2549 579 2609 lirrtim
595 2549 706 2617 fastidia
718 2549 826 2611 viatrix.
970 2605 972 2609 ,
1072 2551 1112 2608 25

212 2627 292 2700 Nou,
305 2630 353 2704 qui
367 2629 486 2699 Sidonio
499 2631 671 2688 contendere
683 2629 892 2697 eallidusostro
954 2676 957 2685 Δ

173 2707 274 2765 Nesoit
289 2708 459 2783 Aquinatem
472 2708 598 2784 potantia
611 2708 713 2767 vellera
727 2709 832 2781 irsoum,

167 2786 286 2844 certius
296 2787 416 2863 recipiet
429 2786 564 2844 damnum
575 2789 725 2864 propiusve
740 2786 877 2860 medullis,
959 2820 961 2843 1

171 2865 271 2929 Qudm
284 2867 332 2942 qui
346 2884 403 2923 noo
416 2867 518 2942 poterit
532 2885 597 2924 vero
605 2867 780 2943 distinguere
795 2867 903 2925 falsum.
1020 2867 1030 2915 ss

170 2943 268 3006 Quem
282 2964 327 3003 res
340 2943 404 3022 plds
416 2945 505 3009 nimio
518 2943 695 3004 delectavere
706 2947 848 3018 secunde,
1072 2947 1104 3004 3¹

172 3021 289 3081 Mutata
303 3025 438 3100 quatient.
480 3024 592 3101 siquid
607 3026 754 3098 mirabere,
769 3044 857 3102 pones
938 3093 942 3099 ,

173 3101 289 3159 Invitus.
330 3102 412 3180 Fuge
425 3121 542 3181 magna3
564 3105 631 3177 lieet
640 3107 694 3163 sub
705 3122 828 3182 paupere
841 3116 916 3163 teoto
1056 3154 1058 3161 ,

172 3181 270 3257 Reges
283 3192 312 3238 et
325 3202 423 3259 regum
437 3183 494 3242 rita
507 3203 678 3259 precurrere
692 3185 805 3243 amieos

210 3259 318 3317 Cervus
331 3280 434 3336 equum
447 3261 549 3337 pugni·
559 3263 656 3322 melior
670 3263 866 3322 eommuuibus
880 3261 974 3320 herbis

171 3339 306 3412 Pellebat,
321 3342 412 3398 donee
425 3340 516 3398 minor
530 3340 559 3397 in
573 3344 728 3400 eonomine
739 3343 823 3418 longo
876 3391 879 3396 .
991 3394 994 3402 .
1071 3343 1110 3400 35

170 3416 331 3494 Imploravit
343 3418 412 3496 opes
424 3419 556 3492 hominii,
571 3419 743 3496 frenumque
756 3421 881 3496 recepit:
978 3456 980 3463 ‹

171 3498 238 3570 Sed,
252 3510 399 3574 postquam
412 3499 500 3558 vietor
514 3498 619 3556 violens
632 3499 761 3556 dissessit
774 3499 810 3556 ab
824 3500 913 3572 hoste,

170 3576 237 3634 Non
252 3579 374 3652 equitem
388 3578 480 3651 dorso,
494 3597 550 3636 non
565 3578 682 3635 fraeuum
696 3578 805 3655 depulit
817 3597 873 3635 ore.

171 3656 220 3713 Sia
233 3657 291 3732 qui,
305 3656 467 3733 pauperiem
481 3659 594 3731 veritus,
607 3657 713 3735 potiore
727 3657 848 3715 metallis

170 3731 313 3794 Libertate
326 3745 413 3810 earet,
426 3735 573 3795 dominum
588 3738 669 3795 vehet
682 3736 834 3812 improbus,
849 3747 928 3812 atqur
1070 3738 1108 3796 40
