2444 4216
447 208 644 258 CARMINUM
661 209 727 259 LIB.
743 212 792 261 111.

362 349 396 408 In
409 352 527 427 patriam
539 354 727 430 populumque
740 354 826 413 fluxit.
926 384 930 394 ·

284 429 379 488 Motus
392 430 486 489 dooeri
499 433 603 508 gaudet
617 432 729 491 Ionicos

283 508 395 566 Matura
408 511 494 586 virgo,
510 522 538 567 et
551 511 663 586 lingitur
677 513 798 570 artibus:

322 587 386 649 Jarn
400 607 478 646 nune
492 600 521 646 et
534 589 657 647 incestos
671 610 779 648 amores

359 667 404 723 De
418 679 515 725 tenero
528 668 677 725 meditatur
692 671 788 745 ungui.

282 745 349 803 Non
363 746 406 803 his
417 747 548 820 juventus
561 758 622 804 orta
633 749 796 822 parentibus

282 824 386 882 Infecit
399 840 491 900 aeqnor
505 827 642 901 sanguine
655 826 774 899 Punico,

320 903 512 979 Pyrrhumque
526 918 555 962 et
568 906 712 981 ingentem
726 906 830 965 cecidit

358 982 541 1056 Antiochum,
556 983 802 1061 Hannibalemque
815 985 925 1044 dirum:

281 1062 338 1119 Sed
352 1063 518 1123 rustioorum
531 1064 656 1121 mascula
669 1065 790 1122 militurn

281 1141 385 1213 Proles,
400 1142 519 1199 Sabellis
532 1141 616 1201 doeta
629 1143 770 1216 ligonibus

233 1268 241 1274 ,
320 1220 441 1277 Versare
454 1221 559 1295 glebas,
574 1232 602 1276 et
615 1239 718 1275 severae

281 1330 283 1335 ,
359 1297 459 1354 Matris
473 1299 508 1353 ad
523 1298 667 1359 arbitrium
682 1298 787 1356 recisos

280 1377 395 1435 Portare
409 1377 505 1447 fustes,
520 1375 559 1432 sol
574 1375 622 1431 ubi
635 1377 772 1434 montium

281 1455 405 1513 Mutaret
418 1455 539 1526 umbras,
552 1466 581 1511 et
592 1455 659 1531 juga
673 1457 798 1514 demeret

320 1533 415 1592 Bobus
428 1534 558 1611 fatigatis,
573 1535 694 1591 amicum

359 1612 486 1689 Tempus
500 1632 586 1689 agens
600 1614 720 1670 abeunte
734 1633 826 1673 curru.

280 1693 424 1751 Damnosa
436 1693 503 1766 quid
518 1711 575 1750 non
589 1691 729 1750 imminuit
743 1694 820 1752 diesl
843 1739 845 1745 .

281 1773 362 1830 AEtas
375 1771 532 1847 parentum,
545 1771 622 1847 pejor
636 1772 702 1843 avis,
717 1773 781 1831 tulit

319 1849 380 1909 Nos
394 1851 549 1924 nequiores,
564 1870 629 1908 mox
641 1852 755 1910 daturos

357 1929 524 2006 Progeniem
538 1930 715 1987 vitiosiorem.

480 2238 483 2244 ’
523 2244 607 2304 ODE
627 2245 695 2306 vll.

480 2384 521 2423 an
535 2385 740 2437 ussermann.

278 2483 410 2541 Manrns
424 2484 527 2540 ooelebs
541 2485 607 2558 quid
623 2503 704 2558 agam
719 2483 858 2555 kalendis,

278 2562 360 2623 Quid
374 2561 460 2617 velint
473 2561 564 2631 flores,
579 2572 607 2616 et
621 2576 717 2616 acerra
729 2560 819 2617 thuris

279 2640 379 2710 Plena,
394 2639 512 2709 miraris,
526 2638 686 2713 positusque
700 2638 783 2696 carbo
797 2640 827 2696 in

474 2715 587 2792 Cespite
602 2717 671 2789 viv0,

278 2798 370 2856 Docte
384 2814 525 2857 sermones
540 2795 681 2871 utriusque
695 2796 808 2873 lingua.

278 2877 417 2934 Voveram
431 2874 528 2933 dulces
541 2876 638 2951 epulas
651 2887 679 2933 et
690 2877 784 2933 album

277 2955 380 3013 Libero
393 2972 518 3029 caprum,
532 2952 618 3029 prope
633 2955 777 3029 funeratus

471 3033 589 3089 Arboris
603 3033 669 3089 iotu.

278 3114 336 3172 Hie
347 3113 409 3170 dies
423 3130 497 3168 anno
510 3112 645 3167 redeunte
661 3110 747 3168 festus

280 3192 423 3250 Cortieem
438 3190 582 3248 astrictum
596 3189 659 3265 piee
673 3189 824 3248 dimovebit

278 3272 440 3347 Amphora,
455 3269 563 3327 fumum
579 3269 672 3326 bibere
686 3270 820 3347 institutae

472 3348 596 3406 Consule
608 3347 701 3407 Tullo.

278 3431 375 3501 Sume,
390 3428 543 3500 Maeoenas,
557 3429 670 3503 cyathos
684 3429 768 3485 amici

279 3508 398 3582 Sospitis
411 3519 542 3577 eentum;
562 3518 590 3564 et
603 3507 701 3583 vigiles
713 3507 845 3565 lucernas

278 3587 374 3645 Perfer
387 3586 416 3644 in
430 3587 538 3643 luoem:
558 3587 655 3662 procul
668 3585 759 3643 omnis
772 3596 832 3644 esto

473 3665 586 3723 Clamor
599 3677 627 3722 et
637 3666 687 3722 ira.

278 3743 362 3802 Mitte
375 3742 471 3802 civiles
484 3763 566 3820 super
580 3743 655 3803 Urbe
670 3761 766 3802 ouras:
