2444 4216
363 217 605 287 errsronruusr
622 220 686 270 nm.
703 221 724 270 1.
742 223 779 272 rs.
797 227 834 275 ιι.
1023 233 1079 294 lto

436 439 635 499 emsrom
662 410 760 502 vrrrr.¹
840 415 843 423 ’

429 577 469 615 ΔΙ)
483 577 591 618 VINIUM
603 578 746 620 Asnaum.

114 717 117 724 ·
147 676 194 736 Ur
206 675 427 753 proficisoentem
441 677 524 733 docui
538 689 566 734 te
579 675 653 753 saepd
668 679 780 755 diuque,
806 697 810 708 ’

147 758 277 832 Augusto
290 757 389 814 reddes
403 755 512 830 signata
525 757 675 828 volumina,
690 758 768 830 Vini,

148 836 179 892 Si
194 835 308 907 validus,
320 835 344 890 si
358 834 438 891 laetus
451 834 512 905 erit,
527 834 550 890 si
564 835 685 909 denique
699 847 814 910 poscet3

146 913 193 970 Ne
207 915 298 971 studio
311 913 398 969 nostri
412 932 522 987 pecces,
536 913 686 987 odiumque
700 915 800 978 libellis

147 993 267 1049 Sedulus
278 994 409 1066 importes
419 991 503 1066 operti
514 993 678 1048 vehemente
692 994 826 1052 minister.

119 1086 120 1091 ’
146 1072 177 1128 Si
190 1083 218 1129 te
233 1069 302 1128 sorte
318 1089 387 1128 meae
400 1070 491 1146 gravis
504 1081 565 1128 uret
577 1071 687 1127 sarcina
700 1074 814 1146 ohartae,

146 1151 269 1226 Abjieito
283 1149 383 1224 potids,
397 1147 480 1224 quitm
494 1147 549 1223 qud
561 1149 681 1224 perferre
690 1150 796 1224 juberis

145 1229 271 1286 Clitellas
286 1229 360 1285 serus
373 1228 521 1303 impingas,
536 1228 688 1301 Asinaeque
701 1242 847 1301 paternum

145 1309 310 1384 Cognomen
326 1318 414 1363 vertas
428 1307 456 1361 in
471 1307 567 1375 risum,
578 1314 610 1361 'et
623 1305 716 1362 subula
728 1307 787 1364 fias.

145 1388 260 1444 Viribus
274 1386 360 1442 uteris
372 1405 421 1459 per
435 1383 530 1454 clivos,
544 1383 669 1454 flumina,
683 1384 777 1442 lamas.
879 1425 882 1431 -

145 1467 242 1523 Victor
256 1464 387 1539 propositi
401 1463 483 1519 simul
497 1482 531 1519 ae
544 1463 702 1538 perveneris
716 1464 792 1537 illue,

145 1546 194 1602 Sic
208 1544 326 1618 positum
338 1543 459 1599 servabis
471 1553 552 1613 onus,
567 1561 603 1598 ne
617 1539 687 1599 forte
701 1544 754 1599 sub
767 1543 812 1601 alt

145 1622 323 1681 Fasciculum
338 1633 429 1696 portes
442 1622 584 1692 librorum,
598 1631 629 1676 ut
639 1621 758 1679 rustinus
771 1642 886 1701 egnum,
934 1635 938 1645 '

144 1702 182 1760 Ut
193 1702 287 1759 vinosa
300 1702 406 1776 glomos
419 1700 526 1757 furtive
537 1699 653 1774 Pyrrhia
666 1700 746 1776 lariae,

143 1780 182 1840 Ut
192 1800 257 1838 oum
271 1780 371 1856 pileolo
384 1780 472 1837 soleas
485 1779 603 1836 conviva
616 1779 731 1836 tribulis.

114 1862 118 1867 ’
143 1859 189 1916 Ne
203 1858 285 1935 vulgo
301 1879 396 1918 narres
409 1871 437 1915 te
450 1859 592 1915 sudavisse
606 1859 722 1915 serendo

143 1939 275 1996 Carmina
288 1955 349 2013 qure
363 1939 469 2015 possint
481 1939 578 1996 oeulos
591 1956 725 2012 auresque
740 1937 840 1994 morari

143 2018 274 2075 Caesaris:
289 2018 483 2077 oratus'multal
496 2036 589 2092 prece,
604 2018 691 2072 nitere
705 2013 795 2089 porro.

142 2095 230 2171 Vade,
245 2097 320 2168 vale,
342 2117 409 2155 oave
423 2116 459 2153 ne
473 2097 585 2167 titubes,
600 2095 784 2168 mandataque
798 2094 916 2175 frangas

431 2411 629 2470 EPISTOLA
656 2411 741 2471 XIV.

438 2550 478 2586 AD
491 2550 632 2588 vrtntcutr
645 2552 733 2589 SUUM.

139 2651 264 2708 Vinnrcs
278 2646 408 2702 silvarum
421 2658 450 2702 et
463 2648 531 2702 mihi
546 2668 590 2704 me
604 2651 748 2708 reddentis
761 2651 854 2727 agelli,

138 2729 236 2792 Quem
249 2737 280 2783 tu
295 2725 409 2796 fastidis,
424 2726 577 2783 habitatum
590 2729 711 2804 quinque
726 2731 803 2802 locis,
817 2741 846 2788 et

137 2808 274 2880 Quinque
288 2805 375 2862 bonos
388 2805 498 2861 solitum
513 2806 627 2864 Variam
640 2808 779 2867 dimittere
794 2821 902 2885 patres3

138 2886 295 2955 Certemus,
310 2884 404 2958 spinas
417 2884 547 2941 animone
560 2905 614 2961 ego
627 2886 733 2960 lortius,
748 2908 784 2945 an
798 2900 828 2945 tu

72 3024 75 3030 ,
138 2965 249 3022 Evellas
263 2982 345 3039 agro;
366 2975 394 3019 et
407 2963 504 3020 melior
517 2965 553 3020 sit
566 2964 708 3037 Horatius,
723 2986 758 3023 an
773 2983 825 3022 res.

177 3041 225 3099 Me
238 3041 364 3118 quamvis
378 3041 483 3098 Lamiae
497 3043 585 3116 pietas
598 3056 626 3098 et
640 3062 707 3100 cura
715 3055 852 3117 moratur,

138 3121 264 3179 Fratrem
278 3121 430 3191 moerentis,
445 3132 524 3194 rapto
537 3121 572 3176 de
586 3121 668 3178 fratre
682 3123 802 3180 dolentis
820 3125 825 3136 ¹

137 3200 339 3268 lusolabiliter;
360 3213 454 3256 tamen
469 3199 561 3255 isthuc
575 3219 654 3256 mens
668 3202 832 3277 animusque

137 3279 213 3351 Fert,
227 3290 255 3335 et
268 3290 342 3335 amat
354 3279 450 3354 spatiis
463 3279 600 3335 obstantia
614 3299 742 3356 rumpere
757 3281 885 3339 claustra.

136 3358 216 3416 Rure
229 3377 282 3432 ego
297 3358 444 3429 viventem,
458 3368 489 3413 tu
503 3358 574 3414 dicis
587 3358 616 3414 in
631 3360 708 3428 urbe,
723 3362 850 3417 beatum:
1033 3363 1069 3420 10

136 3436 190 3494 Cui
205 3437 297 3513 placet
310 3435 431 3507 alterius,
446 3455 496 3492 sua
509 3437 640 3494 nimirum
654 3450 696 3495 est
708 3440 773 3496 odio
786 3458 853 3496 sors.

136 3516 244 3573 Stultus
258 3524 373 3587 uterque
386 3513 477 3571 locum
492 3515 660 3573 immeritum
674 3529 805 3573 causatur
819 3516 930 3593 iniqud3

135 3594 268 3667 Inoulpt
282 3603 325 3647 est
339 3592 456 3663 animus,
470 3595 516 3669 qui
531 3615 561 3651 se
575 3615 630 3652 non
645 3596 742 3669 effugit
755 3614 886 3670 unquam.

135 3673 183 3729 Tu
199 3670 380 3727 mediastinus
393 3671 479 3727 tacita
492 3693 575 3748 prese
590 3693 653 3731 rura
666 3674 789 3747 petebas,

135 3751 222 3809 Nunc
236 3750 333 3806 urbem
346 3759 375 3806 et
388 3749 468 3806 ludos
480 3761 508 3807 et
523 3751 621 3808 balnea
636 3751 743 3808 villicus
756 3764 835 3828 optas
844 3771 861 3808 ε’
1032 3753 1068 3813 15
