2444 4216
444 187 475 244 Q.
492 185 638 235 nona'rlr
654 185 777 235 abacos

535 411 619 471 ODE
638 413 678 473 X.

501 551 533 588 IN
553 550 706 590 Annonam.

275 650 346 708 Inus
360 659 389 707 et
401 649 510 708 nefasto
523 661 551 709 te
565 653 656 727 posuit
670 652 726 723 die,

275 729 449 804 Quicunque
463 727 585 806 primum
600 741 628 787 et
642 729 779 806 sacrilega
792 749 879 788 manu

314 808 459 881 Produrqt,
474 810 564 883 aphes,
579 810 611 875 in,
622 822 755 885 nepotum

354 887 523 967 Pernicjem,
537 890 862 965 opprobriumquepagi:

276 964 361 1024 Illum
375 977 403 1023 et
416 968 538 1042 parentis
552 968 719 1025 crediderim
734 969 777 1024 sui

276 1044 409 1120 Fregisse
421 1047 570 1117 cervicem,
584 1057 612 1102 et
625 1047 779 1122 penetralia

315 1124 457 1201 Sparsiqse
470 1135 609 1182 nocturno
615 1144 724 1200 ‘cruore

355 1202 497 1278 Hospitis:
519 1184 566 1260 ille
580 1223 688 1262 venena
702 1204 821 1276 Colcha,

275 1281 313 1340 Et
322 1282 457 1357 quidquid
472 1302 589 1358 usquam
603 1284 760 1359 concipitur
774 1284 863 1356 nesas,

275 1360 430 1433 Tractavit,
445 1381 511 1436 agro
524 1363 572 1437 qui
586 1362 682 1420 statuit
696 1382 759 1420 meo

313 1438 369 1511 Te,
384 1441 461 1497 triste
476 1440 593 1514 lignum,
608 1451 646 1510 te,
661 1442 800 1497 caducum

353 1517 388 1574 In
402 1518 508 1575 domini
523 1529 607 1593 caput
621 1519 803 1576 immerentis.

227 1636 234 1654 a
273 1596 355 1658 Quid
369 1599 487 1672 quisque
502 1597 578 1667 vitet,
592 1617 736 1673 nunquam
751 1598 858 1656 homini
872 1596 940 1656 satis

275 1675 397 1733 Cautum
411 1687 463 1747 est,
477 1677 506 1733 in
521 1677 612 1734 horas,
653 1676 758 1734 Navita
771 1677 926 1754 Bosporum

314 1754 419 1812 Poenus
432 1756 628 1831 perhorrescit,
643 1775 734 1831 neque
749 1754 822 1814 ultrd

352 1834 439 1890 Caeca
451 1836 531 1892 timet
541 1835 656 1891 aliunde
671 1836 742 1904 sata3

274 1911 358 1970 Miles
372 1914 487 1989 sagittas
495 1925 528 1971 'et
542 1913 662 1971 celerem
677 1915 773 1990 fugam

273 1992 386 2063 Parthi3
407 2004 523 2051 catenas
536 1992 656 2051 Parthus
669 2004 698 2051 et
711 1993 815 2051 Italum

312 2071 429 2129 Robur:
450 2074 500 2130 sed
514 2074 662 2149 improvisa
675 2073 724 2130 leti

351 2150 403 2208 Vis
417 2152 508 2247 rapuit
521 2154 664 2227 rapietque
674 2163 781 2228 gentes.

272 2227 371 2292 Quam
384 2249 458 2305 pene
474 2231 558 2287 lurvae
572 2246 659 2306 regna
675 2231 860 2308 Proserpinae,

273 2307 311 2366 Et
322 2308 496 2384 judicantem
511 2309 631 2366 vidimus
646 2309 787 2380 AEacum3

312 2389 456 2463 Sedesque
470 2389 605 2446 discretas
619 2390 729 2464 piorum
743 2400 772 2447 et

352 2467 453 2526 AEoliis
466 2467 569 2526 fidibus
578 2479 744 2543 querentem
799 2509 801 2513 -

249 2553 251 2557 ’
273 2548 386 2624 Sappho
399 2548 499 2623 puellis
513 2548 548 2605 de
561 2547 757 2624 popularibus3

271 2624 309 2684 Et
322 2637 350 2685 te
364 2639 511 2685 sonantem
524 2624 636 2703 plenids
647 2646 742 2700 aureo,

311 2706 420 2775 Alcaee,
433 2707 540 2780 plectro
553 2707 623 2763 dura
637 2707 725 2778 navis,

350 2783 430 2840 Dura
444 2785 517 2858 fugae
531 2784 615 2854 mala,
630 2785 701 2840 dura
716 2785 796 2841 belli!

271 2863 426 2937 Utrumque
440 2881 520 2920 sacro
534 2863 620 2937 digna
630 2861 743 2918 silentio

271 2941 413 3000 Mirantur
427 2942 533 2998 umbrae
547 2941 658 3005 dicere:
680 2941 730 2997 sed
744 2937 835 3016 magle
922 2941 924 2946 '

310 3022 424 3098 Pugnae
437 3032 466 3079 et
483 3031 597 3080 exactos
610 3033 743 3097 tyrannos

349 3099 476 3157 Densum
491 3101 616 3158 humeris
629 3101 700 3159 bibit
714 3119 781 3157 aure
794 3098 902 3176 vulgus.

270 3178 351 3240 Quid
366 3181 476 3250 mirum,
491 3180 539 3236 ubi
548 3180 608 3237 ¹illis
622 3180 795 3239 carminibus
808 3190 924 3255 stupens

271 3257 400 3315 Demittit
413 3271 486 3316 atras
500 3258 592 3315 bellua
606 3259 750 3335 centiceps
775 3282 778 3291 ·
812 3279 847 3321 μ’
862 3264 870 3293 ”
899 3310 903 3315 ,
980 3272 999 3329 J

311 3337 413 3409 Aures,
427 3348 455 3395 et
469 3337 562 3393 intorti
576 3337 684 3413 capillis
960 3346 963 3355 ⁴
989 3334 993 3341 ’

350 3414 540 3473 Eumenidum
555 3427 716 3473 recreantur
730 3417 858 3492 anguesl

270 3493 352 3555 Quin
366 3505 395 3551 et
408 3494 600 3566 Prometheus,
614 3506 642 3552 et
656 3494 767 3569 Pelopis
786 3513 896 3570 parens,

272 3573 357 3630 Dulci
371 3572 496 3630 laborum
512 3573 649 3650 decipitur
663 3592 749 3629 sono:

310 3650 340 3709 N
342 3671 376 3709 ec
389 3663 469 3710 curat
482 3653 572 3711 Orion
586 3654 682 3710 leones

350 3731 410 3790 Aut
423 3731 536 3790 timidos
554 3732 660 3809 agitare
673 3730 778 3807 lyncas.
