2444 4216
443 199 474 256 Q.
490 198 633 248 HORATll
650 199 771 250 FLaccl

386 340 456 402 Quo
469 361 525 400 non
539 343 640 400 arbiter
654 342 769 403 Hadriae
793 359 796 364 ·
871 402 885 407 ,,
903 396 916 418 ,

273 417 374 496 Major,
387 419 482 477 tollere
496 440 546 477 seu
559 441 662 510 ponere
676 423 733 480 vult
747 423 825 481 fretu·-
880 486 882 491 ,

388 498 485 559 Quem
498 501 595 557 mortis
608 501 701 557 timuit
714 501 842 578 gradum,
880 538 883 543 -

272 577 368 638 Qui·
347 577 430 634 siccis
442 579 531 634 oculis
545 589 667 639 monstra
680 580 816 651 natantia,

389 655 449 716 Qui
463 657 531 715 vidit
544 677 620 714 mare
633 658 786 733 turgidum,
799 668 864 716 et

274 733 397 791 Inlames
410 735 538 811 scopulos
552 737 782 794 Acroceraunial

390 811 586 889 Nequidquam
601 814 679 871 Deus
692 815 816 872 nbseidit
830 850 844 865 ι·
863 854 877 871 ·.
886 848 916 879 ιγ·

274 890 400 948 Prudens
413 891 531 949 Oceano
544 894 712 950 dissociabili

389 969 503 1043 Terrae,
517 973 540 1028 si
554 983 647 1028 tamen
661 973 754 1047 irnpiae
848 1030 849 1035 ,

273 1047 340 1106 Non
354 1050 494 1124 tangenda
508 1061 580 1107 rates
593 1051 752 1108 transiliunt
765 1051 844 1108 vada.

390 1129 492 1198 Audax
505 1129 600 1186 omnia
613 1130 719 1204 perpeti

271 1205 352 1263 Gens
365 1207 488 1263 humana
501 1208 556 1264 ruit
569 1227 618 1282 per
633 1209 763 1277 retitum3
783 1206 880 1264 nefas!

389 1286 492 1342 Audax
505 1284 595 1360 Iapeti
608 1306 699 1360 genus

273 1361 372 1438 Ignem
384 1364 480 1420 fraude
494 1365 568 1420 malli
581 1366 712 1438 gentibus
725 1365 827 1422 intulit.

389 1441 454 1498 Post
468 1442 561 1516 ignem
576 1443 697 1498 aetbereri
711 1444 794 1499 domo

274 1521 459 1590 Subductum,
473 1521 577 1576 macies
591 1531 619 1577 et
632 1538 703 1578 nova
717 1520 836 1577 febrium

388 1596 485 1655 Terris
499 1599 626 1656 incubuit
638 1600 755 1667 cohors;

273 1677 432 1752 semotique
445 1675 522 1752 prius
536 1679 614 1735 tarda
624 1679 781 1735 :necessitas

389 1756 451 1813 Leti
465 1757 598 1832 corripuit
611 1758 739 1831 gradum.

272 1833 411 1910 Expertus
425 1854 543 1892 vacuum
558 1835 689 1892 Daedalus
703 1840 770 1893 abra

389 1913 493 1970 Pennis
507 1933 564 1970 non
578 1915 684 1970 homini
697 1915 778 1971 datis.

272 1991 400 2067 Perrupit
413 1993 575 2050 Acheronta
590 1993 748 2050 Herculeus
772 1993 847 2050 abor.

388 2069 438 2127 Nil
452 2072 613 2129 mortalibus
627 2073 744 2128 arduum
759 2083 817 2128 est:

272 2148 382 2205 Coelum
397 2150 486 2224 ipsurn
497 2151 617 2228 petimus
631 2151 764 2219 stultitiri3
783 2168 876 2224 neque

389 2228 443 2284 Per
456 2239 580 2285 nostrum
595 2230 715 2304 patimur
729 2229 823 2285 scelus

273 2305 415 2365 Iracunda
428 2306 528 2365 Jovem
542 2326 645 2383 ponere
657 2308 781 2364 fulmina.

528 2621 611 2678 ODE
625 2620 676 2679 lv.
714 2644 717 2649 ⁴

362 2756 446 2794 ΑΗΒ.
468 2757 612 2808 sumum,
633 2753 840 2797 consumatum.
896 2816 898 2821 Ι

159 2855 391 2927 Soawrnnacris
405 2856 494 2912 hiems
507 2856 586 2941 grata
601 2854 661 2911 rice
675 2855 746 2911 reris
758 2867 788 2912 et
801 2853 920 2943 Favoni,

235 2917 455 3023 Trahuntque''
434 2953 523 2991 siccas
535 2914 675 2991 alachinae
685 2920 815 3011 carilias3

159 3015 204 3072 Ac
217 3032 307 3090 neque
318 3013 376 3088 jam
389 2992 504 3070 stabulis
516 2990 621 3089 gautlet
633 3031 729 3103 pecus,
744 3026 792 3071 aut
805 3024 895 3070 arator
910 3010 986 3086 igni;

234 3091 299 3149 Nee
312 3104 389 3168 prata
402 3092 480 3149 canis
494 3093 616 3149 albicant
605 3092 772 3180 tpruinis

158 3169 223 3228 Jam
236 3171 377 3246 Cytherea
390 3172 490 3227 choros
500 3171 578 3228 ducit
591 3171 689 3228 Venus
692 3161 878 3242 ‚imrninente
892 3168 990 3239 Lunai;
1070 3175 1094 3232 5

234 3248 253 3306 J
255 3260 400 3324 unctaeque
414 3248 554 3338 Nyrnplris
566 3249 670 3306 Gratiae
684 3217 833 3315 ‹lecentes
891 3298 893 3302 .
913 3270 926 3291 v

159 3329 277 3388 Alterno
289 3341 391 3385 terram
404 3329 532 3403 quatiunt
545 3329 628 3417 pede,
641 3329 708 3384 dum
722 3346 822 3404 graves
835 3326 991 3402 Cyclopum

235 3408 381 3465 Vulcanus
396 3408 496 3464 ardens
510 3407 566 3464 urit
555 3406 712 3464 tofficinas.

157 3487 244 3545 Nunc
257 3487 340 3542 decet
350 3496 397 3542 aut
410 3487 490 3543 viridi
504 3486 622 3542 nitidum
637 3497 720 3560 caput
732 3485 868 3559 impedire
882 3495 982 3558 myrto,

236 3566 295 3621 Aut
309 3563 384 3634 flore,
398 3575 478 3621 terrae
492 3584 575 3639 quem
589 3564 681 3621 lerunt
693 3564 811 3629 selune·
1055 3565 1094 3622 10

163 3643 187 3699 N
192 3662 247 3699 unc
260 3656 287 3701 et
301 3644 330 3699 in
344 3643 481 3700 umbrosis
495 3643 594 3701 Fauno
607 3645 689 3699 decet
703 3642 846 3705 immolare
859 3639 942 3713 luciS,

239 3721 295 3780 Seu
308 3734 404 3797 poscat
418 3723 502 3798 agna,
515 3723 573 3780 sive
587 3721 665 3779 malit
678 3721 767 3779 haedn
807 3766 810 3771 .
888 3761 907 3769 --
