2444 4216
415 190 612 242 CARMINUM
628 193 694 241 LlB.
712 192 759 243 1v.

368 335 460 394 Curru
474 337 559 394 ducet
571 337 703 395 Acheloo

115 429 120 443 ·
213 416 373 486 Victorem3
395 434 486 492 nsque
500 435 545 473 res
558 416 658 473 bellica
671 416 763 475 Deliis

366 494 506 552 Ornatum
520 495 593 552 foliis
606 496 717 568 ducem,

213 573 302 636 Quod
314 594 413 651 regum
427 575 548 631 tumidas
562 575 720 634 contuderit
732 575 832 649 minas,
862 622 874 639 ,

367 652 508 710 Ostendet
521 653 676 728 Capitolio:

126 732 134 769 ’-
216 734 273 790 Sed
286 751 347 809 quae
362 731 455 789 Tibur
469 751 546 808 aquae
561 732 650 788 fertile
662 731 821 808 praefluunt,

369 810 407 868 Et
420 812 516 887 spissae
530 829 676 869 nemorum
691 829 788 885 corne,

213 889 337 968 Fingent
351 890 446 949 AEolio
459 891 583 948 carmine
597 889 730 948 nobilem.

370 969 471 1027 Rornae
484 970 618 1046 principis
632 970 744 1026 urbium

214 1048 354 1125 Dignatur
367 1049 475 1106 soboles
489 1050 561 1106 inter
576 1049 710 1106 amabiles

367 1128 472 1186 Vatum
485 1147 590 1204 ponere
604 1147 649 1184 me
663 1129 781 1198 choros;

218 1211 256 1268 Et
265 1208 323 1285 jam
337 1209 421 1264 dente
437 1204 531 1263 minius
544 1208 672 1262 mordeor
686 1206 788 1263 invido.

372 1287 409 1356 Ο,
423 1285 573 1341 testudinis
587 1303 678 1341 aureae

215 1369 412 1440 Dulcemque
426 1364 580 1439 strepitum,
595 1362 680 1435 Pieri,
695 1374 849 1440 temperas3
904 1374 909 1387 '

373 1442 400 1499 Ο
415 1445 499 1499 mutis
512 1462 623 1517 quoque
636 1443 761 1519 piscibus

213 1526 359 1584 Donatum
372 1523 465 1598 cycni,
479 1522 503 1579 si
516 1523 610 1594 libeat,
624 1523 740 1580 sonum!

296 1627 300 1634 ·
367 1602 475 1659 Totum
489 1602 613 1658 muneris
625 1602 678 1659 hoc
691 1601 732 1658 tui
745 1611 798 1674 est,

210 1681 300 1746 Quod
314 1691 450 1740 monstror
464 1681 552 1757 digito
564 1681 791 1756 pretereuntium

368 1760 507 1817 Romanae
521 1760 624 1817 fidicen
638 1762 720 1836 lyrae:

211 1839 302 1906 Qudd
315 1840 389 1916 spiro
401 1851 430 1897 et
442 1840 540 1916 placeo
557 1839 594 1918 (si
607 1842 731 1920 placeo),
744 1851 824 1897 tuum
837 1849 888 1897 est

696 1919 703 1944 5

410 2184 417 2196 ¹
502 2159 585 2217 ODE
605 2159 661 2218 III.

473 2300 561 2354 psum
576 2299 699 2340 munus.

248 2400 382 2463 annnn
395 2400 554 2458 ministrum
565 2399 690 2456 fulminis
701 2399 796 2456 alitem

252 2479 321 2555 (Cui
331 2499 381 2536 rex
394 2481 510 2537 deorum
524 2497 644 2553 regnum
658 2479 686 2534 in
702 2496 767 2534 aves
780 2495 865 2553 vagas

287 2558 428 2628 Permisit,
442 2567 572 2631 expertus
586 2555 697 2610 fidelem

327 2636 437 2710 Jupiter
451 2635 480 2690 in
494 2633 659 2706 Ganymede
674 2631 757 2713 llavo)

138 2731 142 2735 ’
249 2715 327 2773 Olim
339 2715 477 2790 juventas,
492 2724 520 2769 et
533 2713 638 2787 patrius
652 2712 739 2788 vigor,

247 2794 325 2852 Nido
338 2794 465 2850 laborum
478 2793 599 2868 propulit
610 2791 729 2849 inscium
742 2811 749 2861 ;

286 2872 440 2948 Vernique,
452 2872 509 2948 jam
523 2871 627 2928 nimbis
637 2872 761 2943 remotis,

324 2952 456 3010 Insolitos
470 2950 592 3008 docuere
606 2951 685 3006 nisus

246 3030 334 3094 Venti
347 3040 511 3108 paventem3
534 3047 598 3084 mox
612 3029 639 3084 in
654 3028 738 3084 ovilia

245 3113 367 3175 Demisit
380 3112 488 3166 hostem
502 3107 610 3163 vividus
623 3108 744 3183 impetus
752 3127 760 3178 ;
819 3130 821 3135 >

283 3193 373 3252 Nunc
387 3190 416 3246 in
431 3186 601 3244 reluctantes
615 3187 754 3244 dracones

234 3299 246 3338 χ,
322 3270 390 3346 Egit
404 3286 481 3325 amor
495 3266 575 3343 dapis
588 3278 670 3341 atque
683 3282 802 3342 pugnae:

229 3344 402 3414 ‘Quatenus
416 3347 486 3405 laetis
500 3364 601 3422 caprea
614 3345 727 3422 pascuis

246 3430 361 3488 Intenta
374 3427 456 3484 fulvae
470 3427 565 3484 matris
579 3425 615 3482 ab
628 3425 714 3482 ubere

283 3506 301 3563 J
304 3526 348 3564 arn
359 3506 431 3563 lecte
446 3506 593 3582 depulsum
607 3505 728 3574 leonem,

320 3585 413 3642 Dente
426 3603 498 3643 novo
511 3585 644 3662 peritura,
658 3581 742 3639 vidit:

244 3662 351 3724 Videre
365 3663 475 3721 Rhetis
488 3664 561 3721 bella
574 3662 627 3719 sub
641 3660 761 3736 Alpibus

244 3737 369 3804 Drusum
383 3745 527 3817 gerentem
540 3739 699 3810 Vindelici3
719 3740 821 3815 quibus

283 3821 349 3881 Mos
362 3821 437 3878 unde
451 3819 590 3878 deductus
602 3837 652 3894 per
664 3837 749 3876 omne
