2444 4216
429 187 460 243 Q.
477 186 621 235 HORATll
638 185 761 234 nacci

351 327 390 387 Et
403 330 569 404 Scythicum
583 328 731 386 inviolatus
745 323 874 386 amnem

274 408 334 466 Vos
347 406 490 464 Caesarem
503 408 600 478 altum,
614 406 714 464 mitius
727 407 810 463 simul

273 486 376 544 Fessus
389 486 517 543 cohortes
531 485 639 541 abdidit
651 486 771 560 oppidis,

312 564 409 621 Finire
422 576 592 638 quaerentem
606 563 716 621 labores

351 642 444 700 Pierio
457 643 589 700 recreatis
603 654 690 699 antro.

274 721 333 778 Vos
345 721 410 778 lene
424 721 572 779 consilium
587 732 616 779 et
628 722 710 791 datis,
725 730 753 776 et
766 721 832 779 dato
866 742 870 745 ’

273 800 418 872 Gaudetis,
433 800 521 857 almae.
556 800 669 857 Scimus
682 812 713 857 ut
727 800 826 875 impios

312 877 433 936 Titanas
446 880 652 953 immanemque
667 889 787 935 turmam

351 957 483 1015 Fulmine
497 957 639 1014 sustulerit
652 958 770 1028 caduce,

272 1036 333 1099 Qui
348 1048 451 1093 terram
466 1037 596 1106 inertem,
610 1036 656 1109 qui
671 1055 748 1092 mare
762 1047 899 1111 temperat

273 1116 439 1187 Ventosum,
453 1128 481 1172 et
494 1116 587 1185 urbes
602 1133 742 1189 regnaque
757 1115 856 1186 tristia,

312 1195 463 1269 Divosque,
478 1193 662 1268 mortalesque
675 1195 780 1263 turbas,

351 1273 473 1349 Imperio
487 1273 559 1348 regit
573 1291 647 1329 unus
660 1292 748 1348 aequo.

273 1351 412 1428 Magnum
427 1353 473 1408 illa
486 1363 620 1408 terrorem
634 1352 767 1409 intulerat
779 1350 844 1410 Jovi
906 1396 909 1403 ,

274 1431 382 1488 Fidens
392 1435 524 1505 juventus
539 1431 650 1486 horrida
664 1431 796 1502 brachiis,

313 1509 480 1585 Fratresque
494 1510 642 1565 tendentes
655 1528 744 1584 opaco

351 1589 449 1647 Pelion
460 1589 624 1664 imposuisse
638 1587 770 1664 Olympo.

273 1668 330 1725 Sed
343 1669 410 1742 quid
424 1667 580 1743 Typhoeus,
595 1679 623 1724 et
636 1668 744 1725 validus
758 1665 872 1740 Mimas,

272 1747 333 1804 Aut
345 1748 412 1821 quid
426 1748 531 1805 minaci
544 1747 717 1822 Porphyrion
732 1758 815 1818 statu,

309 1825 391 1888 Quid
405 1826 537 1898 Rhoetus,
551 1827 707 1901 evulsisque
721 1827 830 1882 truncis

348 1905 510 1963 Enceladus
521 1905 658 1982 jaculator
672 1906 773 1976 audax,

273 1983 379 2042 Contra
393 1998 541 2043 sonantem
554 1984 676 2041 Palladis
690 1984 780 2060 aegida

272 2063 392 2120 Possent
404 2067 537 2122 ruentesl
571 2064 649 2121 Hinc
663 2065 760 2121 avidus
773 2062 849 2120 stetit

310 2140 469 2212 Vulcanus3
492 2145 559 2200 hinc
573 2155 699 2201 matrona
713 2141 731 2198 J
733 2162 800 2214 uno,
815 2151 844 2198 et
869 2153 872 2163 '

349 2219 501 2296 Nunquam
516 2223 641 2279 humeris
653 2222 794 2298 positurus
807 2238 916 2291 arcum,

270 2298 331 2361 Qui
345 2318 407 2355 rore
420 2318 488 2374 puro
501 2301 633 2358 Castaliae
646 2301 712 2357 lavit

270 2377 373 2436 Crines
386 2377 498 2449 solutos,
512 2381 559 2455 qui
573 2378 668 2455 Lyciae
684 2390 762 2436 tenet

310 2456 434 2514 Dumeta
446 2460 622 2533 natalemque
636 2458 743 2530 silvam,

350 2536 449 2594 Delius
463 2548 491 2594 et
504 2537 637 2596 Patareus
652 2538 761 2614 Apollo.

271 2617 324 2674 Vis
338 2614 438 2673 consili
452 2635 551 2692 expers
559 2618 636 2689 ,mole
649 2619 706 2675 ruit
719 2617 787 2674 sua:

270 2694 338 2753 Vim
351 2705 536 2767 temperatam
549 2696 578 2750 di
591 2715 702 2771 quoque
714 2696 875 2772 provehunt

311 2771 346 2829 In
360 2771 467 2846 majus:
488 2770 565 2828 idem
578 2774 663 2830 odere
677 2776 749 2830 vires

348 2850 443 2907 Omne
456 2849 536 2906 nefas
550 2849 642 2906 animo
655 2864 808 2909 moventes.

272 2931 369 2991 Testis
382 2947 509 2987 mearum
523 2928 698 2986 centimanus
711 2931 806 3005 Gyges

272 3010 500 3078 Sententiarum3
522 3019 605 3066 notus
616 3019 644 3064 et
657 3009 773 3086 integrae

309 3088 447 3146 Tentatcr
461 3089 550 3146 Orion
565 3087 674 3159 Diana,
699 3116 700 3120 1

349 3167 487 3242 ¹Virginei
501 3168 624 3223 domitus
638 3168 746 3242 sagittis.

271 3245 380 3321 Iny'ecta
394 3244 525 3314 monstnis
539 3256 613 3301 terra
625 3245 700 3302 dolet
713 3247 780 3317 suis,
816 3286 819 3291 -

273 3323 430 3398 Moeretque
444 3333 541 3397 partus
553 3323 670 3380 fulmine
683 3324 805 3381 luridum
832 3336 839 3371 1

312 3402 416 3460 Missos
429 3401 464 3458 ad
478 3401 604 3458 Orcum:
625 3421 679 3460 nec
692 3403 801 3478 peredit
871 3459 872 3462 ,

350 3481 512 3558 Impositam
526 3479 600 3538 celer
614 3480 687 3556 ignis
700 3481 825 3539 AEtnen:

273 3560 479 3619 lucontinentis
493 3578 547 3619 nec
560 3557 639 3633 Tityi
650 3559 730 3634 jecur

273 3640 421 3717 Relinquit
433 3642 501 3713 ales,
514 3638 646 3715 nequitia
660 3639 771 3695 additus

527 3749 542 3781 a
