2444 4216
154 213 209 273 lut
354 251 364 262 a
468 212 498 268 c
516 210 659 260 Hosarrr
675 210 798 259 ruaccr

189 354 291 411 Caecus
304 355 356 411 iter
369 365 520 418 monstrare
534 353 615 411 velit:
635 363 729 410 tamen
744 352 838 427 aspice
852 353 875 408 si
888 355 955 428 quid

189 431 227 490 Et
240 452 300 505 nos,
314 434 386 508 quod
399 451 480 489 cures
493 433 634 507 proprium
648 432 756 502 secisse,
770 432 924 502 loquamur.
1098 434 1119 492 ὅ

229 513 260 569 Si
273 523 301 570 te
314 522 391 587 grets
403 510 481 585 quies
494 522 522 567 et
535 511 652 586 primam
666 529 781 567 somnus
795 511 824 566 in
839 511 936 568 boram

143 603 146 607 ’
189 589 333 659 Delectat;
353 590 377 646 si
390 600 417 646 te
430 590 521 664 pulvis
534 589 718 665 strepitusque
732 600 863 660 rotarum,

190 670 221 726 si
235 669 310 725 laedit
323 687 459 743 caupona,
474 667 656 725 Ferentinum
671 669 711 724 ire
722 668 842 743 jubebo:

187 746 262 804 Nam
273 766 363 822 neque
377 746 507 804 divitibus
520 748 688 821 contingunt
701 746 803 821 gaudia
816 747 881 803 solis
886 765 896 816 ;
1159 816 1165 823 ,

187 825 251 882 Nec
265 826 331 882 vixit
344 825 427 897 male,
441 825 488 899 qui
499 837 581 882 uatus
594 825 768 899 moriensque
783 825 886 883 fefellit.
1058 866 1060 870 ι
1080 826 1116 886 10

189 905 219 960 Si
233 905 363 978 prodesse
377 904 442 975 tuis,
456 903 594 979 pauldquc
609 901 758 977 benignius
771 905 862 979 ipsum

186 981 231 1038 'I'e
245 994 363 1040 tractare
377 983 459 1053 voles,
474 985 591 1040 accedes
605 983 697 1041 siccus
710 983 882 1040 adunctum.

188 1062 248 1117 “Si
263 1063 411 1137 pranderet
420 1063 481 1120 olus
493 1063 639 1139 patienter,
653 1062 765 1137 regibus
780 1064 819 1118 uti

185 1139 281 1196 Nollet
296 1141 481 1216 Aristippus.''
523 1147 540 1170 “
556 1142 587 1197 Si
601 1142 685 1197 sciret
697 1141 810 1215 regibus
823 1141 874 1212 uti,

186 1218 335 1276 Fastidiret
348 1221 421 1291 olus,
434 1220 481 1294 qui
495 1239 540 1277 me
555 1220 658 1277 notat.'’
700 1219 796 1276 Utrius
810 1221 908 1278 horum
1079 1220 1116 1280 15

185 1297 280 1354 Verba
292 1300 391 1374 probes
404 1312 433 1356 et
446 1300 528 1366 facta,
543 1300 631 1367 doce;
653 1298 696 1354 vel
708 1299 802 1374 junior
816 1300 887 1356 audi

186 1377 244 1433 Cur
258 1378 293 1434 sit
307 1377 442 1452 Aristippi
455 1379 543 1452 potior
553 1378 700 1435 sententia.
741 1377 872 1452 Namque

184 1453 347 1513 Mordacem
362 1456 500 1530 Cynicum
515 1457 556 1513 sic
569 1456 708 1525 eludebat,
723 1468 753 1513 ut
767 1456 862 1513 aiunt:

186 1538 203 1564 “
217 1535 332 1592 Scurror
343 1555 396 1611 ego
409 1536 467 1610 ipse
481 1535 559 1606 mihi,
574 1535 676 1610 populo
688 1548 734 1601 tu;
756 1536 860 1592 rectius
873 1535 927 1592 hoc
938 1542 968 1592 et

185 1613 364 1686 Splendidius
377 1612 465 1670 multd
479 1626 536 1670 est:
558 1633 645 1688 equus
659 1624 689 1670 ut
702 1633 747 1670 me
761 1626 860 1689 portet,
871 1614 926 1671 alat
938 1633 997 1685 rex,
1076 1613 1116 1672 ab

183 1690 316 1748 Officium
332 1693 419 1760 sacio;
440 1703 470 1747 tu
484 1695 576 1767 poscis
590 1693 654 1749 vilia
667 1712 770 1762 rerum,

185 1768 278 1826 Dante
292 1771 391 1841 minor,
405 1773 529 1845 quamvis
544 1772 597 1828 fers
611 1783 638 1828 te
652 1772 756 1832 nullius
769 1771 925 1847 egentem.”

181 1849 285 1906 Omnis
298 1851 470 1925 Aristippum
484 1850 580 1907 decuit
593 1851 668 1907 color
681 1861 709 1906 et
723 1860 810 1906 status
824 1863 852 1907 et
865 1869 919 1922 res,
933 1877 934 1885 ¹

185 1928 356 1985 Tentautem
370 1929 483 2004 majore,
493 1927 556 2006 ,ferd
570 1929 753 2004 presentibus
768 1947 886 2003 aequum.

184 2007 300 2078 Contrd,
314 2027 396 2082 quem
411 2009 517 2083 duplici
529 2027 623 2084 panno
636 2007 769 2083 patientia
784 2008 865 2078 velat,
1074 2007 1114 2067 25
1198 2076 1201 2083 Ι

185 2085 317 2155 Mirabor,
333 2087 394 2142 vitae
408 2088 452 2144 via
465 2087 489 2144 si
503 2107 637 2144 conversa
650 2087 770 2144 decebit.

184 2163 263 2219 Alter
277 2183 445 2238 purpureum
460 2185 517 2222 non
531 2167 705 2241 exspectablt
718 2166 861 2237 amictum,

181 2242 332 2302 Quidlibet
340 2243 454 2300 indutus
468 2244 649 2301 celeberrima
659 2265 708 2319 per
721 2246 781 2301 loca
796 2245 886 2315 vadet,

184 2320 389 2396 Personamque
403 2322 472 2379 seret
485 2342 542 2379 non
556 2323 744 2379 inconcinnus
759 2334 919 2396 utramque:

183 2401 264 2456 Alter
278 2399 369 2458 Mileti
382 2410 485 2459 textam
499 2421 569 2458 cane
583 2401 662 2476 pejus
676 2414 703 2458 et
717 2420 808 2476 angue
1075 2401 1114 2460 3⁰

184 2479 292 2535 Vitabit
304 2480 478 2556 chlamydem
489 2501 495 2550 3
517 2482 648 2538 morietur
660 2476 769 2555 frigore,
784 2480 807 2536 si
822 2499 878 2536 non

183 2557 338 2615 Rettuleris
351 2562 490 2633 pannum:
511 2561 592 2631 refer,
606 2571 635 2616 et
648 2560 708 2616 sine
722 2559 794 2615 vivat
808 2560 926 2633 ineptus.

222 2637 282 2693 Res
295 2657 391 2713 gerere
405 2650 433 2695 et
446 2651 541 2713 captos
554 2640 701 2696 ostendere
714 2639 821 2695 civibus
836 2639 937 2710 hostes,
1029 2708 1032 2713 ,

182 2717 305 2790 Attingit
318 2717 416 2773 solium
431 2717 508 2774 Jovis
521 2728 549 2774 et
562 2718 686 2774 coelestia
699 2729 801 2775 tentat:

182 2794 359 2869 Principibus
370 2795 509 2871 placuisse
526 2797 599 2866 viris,
615 2816 670 2852 non
683 2797 778 2852 ultima
792 2797 852 2854 laus
866 2806 921 2853 est
1072 2795 1112 2853 35

183 2874 248 2932 Non
264 2873 351 2931 cuivis
366 2875 469 2931 homini
483 2875 620 2950 contingit
634 2875 711 2931 adire
723 2875 898 2934 Corinthum.

183 2954 272 3023 Sedit,
283 2954 330 3027 qui
344 2953 438 3025 timuit
449 2973 485 3011 ne
499 2973 555 3017 non
569 2954 732 3010 succederet
743 2973 750 3022 ;
772 2966 851 3011 esto:

181 3029 282 3090 Quidt
302 3033 349 3106 qui
363 3034 497 3108 pervenit,
509 3034 611 3098 fecitne
626 3033 757 3090 viriliterl
778 3034 865 3108 Atqui

183 3107 242 3164 Hic
255 3121 307 3178 est,
321 3123 368 3167 aut
381 3132 527 3186 nusquam,
541 3112 613 3186 quod
628 3113 793 3186 quaerimus:
814 3113 861 3186 hic
873 3128 944 3169 onus
956 3109 1062 3184 horret,

182 3186 221 3244 Ut
233 3188 323 3260 parvis
337 3189 436 3246 animis
446 3201 474 3245 et
486 3210 570 3264 parvo
584 3210 698 3265 corpore
711 3191 800 3266 majus
812 3211 818 3259 ;
1072 3189 1112 3249 4⁰

183 3265 241 3321 Hic
254 3265 327 3320 subit
340 3277 368 3322 et
381 3268 489 3340 perfert.
531 3270 591 3325 Aut
604 3271 690 3326 virtus
703 3289 804 3327 nomen
818 3269 902 3325 inane
916 3278 968 3340 est,

184 3345 243 3400 Aut
256 3344 343 3399 decus
355 3355 384 3400 et
396 3346 513 3420 pretium
528 3345 604 3403 recte
618 3350 688 3422 petit
700 3349 845 3422 experiens
860 3349 907 3405 vir.

222 3422 324 3480 Coram
338 3442 403 3497 rege
417 3423 467 3480 suit
481 3424 515 3480 de
528 3438 689 3499 paupertate
703 3438 827 3483 tacentes

183 3501 251 3560 Plus
264 3512 396 3577 poscente
410 3502 506 3560 ferent.
547 3503 648 3575 Distat,
660 3524 790 3562 sumasne
800 3505 948 3579 pudenter,

184 3583 231 3638 An
246 3581 350 3657 rapias:
372 3583 445 3656 atqui
460 3602 552 3640 rerum
565 3594 648 3657 caput
662 3586 715 3642 hcc
728 3595 796 3654 erat,
811 3584 858 3639 hic
871 3584 941 3640 fons
1034 3642 1038 3655 Ι
1073 3582 1112 3640 45

184 3665 202 3691 “
214 3659 344 3718 Indotata
357 3661 425 3717 mihi
437 3680 513 3718 soror
526 3672 578 3733 est,
592 3662 761 3737 paupercula
776 3673 873 3732 mater,

183 3736 221 3795 Et
234 3739 336 3801 fundus
349 3758 403 3800 nec
415 3741 571 3814 vendibilis,
585 3760 639 3799 nec
651 3760 768 3818 pascere
778 3739 902 3811 firmus,”
960 3811 964 3819 ³
