2444 4216
407 214 609 267 stt‘rttnttutt
625 217 690 266 LlB.
708 218 743 266 11.
759 219 783 266 Ι.

152 353 288 415 Heredes
301 358 385 416 voluit
392 360 422 416 l''
457 359 590 422 “Quoad
603 360 679 432 vixit,
693 360 813 418 credidit
826 360 926 438 ingens

150 433 317 511 Pauperiem
331 438 436 500 vitium.
449 450 478 497 et
491 441 563 497 cavit
576 439 645 496 nihil
660 437 768 509 acrids;
789 450 829 510 ut,
843 441 867 497 si

150 512 235 573 Forte
250 513 343 573 minus
355 516 479 593 locuples
492 537 549 576 uno
562 519 714 593 quadrante
727 518 854 593 perisset,
928 554 932 561 -

149 590 215 667 lpse
229 594 366 653 videretur
379 598 432 653 sibi
446 598 579 672 nequior:
600 598 691 653 omnis
704 598 778 654 enim
793 615 847 669 res,

148 669 255 745 Virtus,
268 673 349 746 fama,
364 676 459 746 decus,
474 677 568 732 divina
582 677 767 750 humanaque,
781 675 904 751 pulchris
1040 675 1080 733 95

148 748 261 808 Divitiis
274 765 387 827 parent3
408 774 477 828 quas
489 755 536 828 qui
551 755 728 825 contraxerit,
743 755 789 810 ille

148 827 248 886 Clarus
258 833 320 902 erit,
329 833 416 905 fortis,
425 834 543 909 justus.”
584 833 804 908 “Sapiensnel''
826 832 959 904 “Etiam3
979 843 1078 907 etrex,

64 916 67 933 ¹
147 906 185 964 Et
197 909 332 985 quidquid
347 914 427 968 volet.
462 913 535 984 Hoc,
550 912 633 969 veluti
650 912 748 969 virtute
761 921 898 987 paratum,

148 986 275 1061 Speravit
289 1010 398 1066 magnae
411 992 487 1048 laudi
502 993 567 1049 sore.
601 992 681 1053 ttuid
692 991 783 1047 simile
797 989 843 1046 isti

146 1065 262 1124 Graecus
277 1070 445 1146 Aristippus,
459 1072 506 1145 qui
520 1091 614 1129 servos
627 1071 762 1146 projicere
776 1087 875 1127 aurum
1024 1069 1080 1128 100

146 1143 181 1202 In
196 1148 289 1203 medii
299 1149 380 1223 jussit
394 1144 493 1224 Libyn,
508 1151 573 1224 quia
585 1146 693 1206 tardius
706 1149 778 1205 irent

146 1222 260 1299 Propter
273 1246 346 1284 onus
359 1230 479 1303 segnesl
500 1240 561 1284 uter
575 1239 617 1283 est
631 1227 753 1282 insanior
767 1227 865 1282 horum
872 1225 893 1281 l*

146 1303 221 1360 “Nil
236 1305 293 1379 agit
306 1307 464 1379 exemplum
479 1306 555 1360 litem
569 1306 644 1379 quod
657 1305 705 1361 lite
715 1303 852 1360 resolvit.’'
915 1310 917 1320 ¹

145 1385 164 1412 ‘⁴
177 1383 208 1439 Si
220 1384 283 1457 quis
296 1395 371 1439 emat
384 1383 515 1454 citharas,
528 1395 635 1458 emptas
649 1393 803 1457 comportet
812 1382 842 1438 in
863 1400 959 1453 unum,

145 1459 211 1517 Nec
225 1461 318 1517 studio
329 1462 452 1532 citharae,
464 1481 518 1517 neo
532 1461 624 1518 Musae
637 1461 749 1517 deditus
760 1461 823 1528 ulli;
1023 1459 1081 1519 lut

145 1540 177 1597 Si
191 1539 300 1614 scalpra
312 1550 341 1595 et
355 1540 464 1611 formos,
478 1560 536 1597 non
550 1552 640 1609 sutor,
661 1540 775 1596 nautica
786 1540 854 1612 vela,
976 1555 977 1558 ’

144 1619 270 1675 Aversus
283 1620 462 1688 mercaturis;
484 1619 589 1675 delirus
602 1629 631 1676 et
644 1637 741 1674 amens

143 1695 275 1771 Undique
289 1698 397 1754 dicatur
411 1696 519 1754 merito.
549 1697 611 1759 Qui
625 1697 764 1772 discrepat
776 1696 846 1770 istis,

143 1775 204 1838 ttui
218 1795 348 1833 nummos
362 1795 513 1851 aurumque
526 1777 663 1849 recondit,
677 1778 790 1834 nescius
803 1776 844 1833 uti

144 1854 323 1930 Compositis,
338 1866 519 1931 metuensque
534 1857 607 1913 velut
618 1856 781 1931 contingere
796 1855 926 1911 saoruml
1022 1855 1078 1913 110

145 1934 177 1990 Si
191 1936 253 2008 quis
274 1935 309 1990 ad
324 1934 467 2010 ingentem
482 1935 615 1992 frumeuti
628 1953 737 2008 semper
751 1952 881 1990 acervum

144 2012 293 2070 Porrectus
304 2014 398 2090 vigilet
409 2033 472 2071 cum
488 2015 573 2088 longo
587 2015 674 2085 fuste3
697 2031 788 2086 neque
802 2012 881 2071 illinc

143 2093 257 2150 Audeat
267 2085 393 2154 esuriens
406 2094 536 2163 dominus
550 2094 713 2168 contingere
726 2110 854 2167 granum,

143 2172 189 2228 Ac
202 2170 295 2247 potitis
308 2173 381 2229 loliis
392 2174 496 2248 parcus*
505 2182 631 2228 vescatur
646 2173 747 2228 amaris
755 2190 763 2240 ;

144 2251 185 2320 Si,
199 2251 294 2325 positis
308 2253 382 2309 intus
397 2252 462 2308 Chii
476 2251 629 2326 veterisque
644 2250 756 2308 Falerni
1020 2249 1076 2307 115

143 2327 222 2387 Mille
237 2331 315 2388 cadis
330 2375 352 2387 ..
366 2376 372 2388 .
387 2331 456 2387 nihil
470 2343 529 2388 est.
543 2374 567 2388 ..
581 2342 737 2388 tercentum
752 2329 885 2398 millibus,
899 2345 963 2384 acre

142 2407 223 2467 Putet
237 2423 364 2479 acetum3
385 2430 447 2485 age,
459 2412 482 2467 si
495 2422 524 2466 ot
536 2411 696 2467 stramentis
710 2409 835 2480 incubet,
849 2405 936 2462 unde·

140 2489 284 2561 octoginta
297 2509 385 2545 anuos
398 2500 489 2558 natus,
504 2491 550 2545 cui
564 2489 686 2563 stragula
701 2487 792 2555 vestis,

140 2565 295 2623 Blattarum
312 2585 346 2622 ac
359 2568 497 2622 tinearum
511 2566 610 2640 epulae,
625 2576 766 2640 putrescat
779 2564 809 2620 in
823 2561 904 2619 arod:

140 2643 285 2701 Nimirum
299 2645 414 2701 insanus
426 2645 523 2718 paucis
538 2643 671 2714 videatur,
685 2642 719 2700 eb
733 2639 809 2717 qudd
862 2681 864 2684 ι
1020 2638 1075 2698 100

141 2721 268 2781 Maxima
280 2743 344 2798 pars
359 2723 501 2779 hominum
516 2723 613 2779 morbo
624 2722 743 2797 jactatur
757 2722 864 2779 eodem.

141 2801 231 2859 Filius
246 2803 389 2859 autetiam
404 2803 465 2857 haec
478 2801 592 2858 libertus
606 2813 637 2858 ut
649 2803 743 2859 ebibat
758 2803 854 2871 haeres,

140 2881 194 2938 Dis
208 2882 322 2939 inimice
337 2900 422 2938 senex
437 2882 579 2939 custodisl
599 2900 635 2938 ne
649 2882 699 2938 tibi
713 2881 805 2936 desitl

138 2959 317 3021 Quantulum
332 2961 407 3018 enim
421 2979 537 3016 summae
551 2961 669 3017 curtabit
683 2961 798 3034 quisque
812 2957 936 3026 dierum,-

140 3039 253 3117 Ungere
267 3041 290 3098 si
304 3041 399 3097 caules
412 3041 474 3096 oleo
488 3039 610 3110 meliore,
625 3051 763 3113 caputque
1016 3034 1073 3094 125

140 3119 267 3194 Coeperis
281 3119 392 3196 imperti
407 3119 512 3174 loedum
525 3118 685 3192 porriginel
717 3117 826 3186 Quare,

140 3198 172 3254 Si
185 3199 292 3272 quidvis
306 3196 373 3255 satis
387 3209 438 3269 est,
452 3197 585 3272 perjuras,
600 3195 723 3271 surripis,
738 3195 829 3252 aufers

140 3276 287 3352 Undiquel
307 3280 365 3335 tun'
381 3278 485 3335 sanusl
520 3276 657 3350 Populum
671 3276 694 3332 si
707 3277 816 3332 caedere
829 3272 902 3333 saxis

139 3354 272 3432 Incipias,
286 3376 432 3431 servosque
445 3368 494 3413 tuo
507 3374 575 3428 quos
589 3374 643 3411 aere
657 3355 771 3430 partiris,

139 3433 274 3492 Insanum
286 3446 313 3491 te
326 3435 515 3511 omnespueri
527 3435 701 3509 clamentque
715 3433 829 3508 puellae:
1015 3433 1071 3492 130

137 3512 238 3574 Quum
252 3515 351 3587 laqueo
364 3533 477 3570 uxorem
492 3514 628 3571 interimis
642 3523 813 3585 matremque
827 3527 945 3582 veneno,

138 3590 278 3652 Incolumi
292 3593 383 3665 capite
396 3594 445 3649 eal
477 3593 558 3654 Quid
570 3591 666 3649 eniml
686 3608 776 3664 neque
789 3600 819 3646 tu
834 3589 887 3644 hoo
901 3585 970 3646 facis

218 3673 260 3728 Ar
282 3672 314 3741 is,
910 3694 912 3700 ¹

138 3690 299 3821 Nec'lerrgo,
314 3759 346 3806 ut
358 3748 474 3806 demens
486 3748 651 3824 genitricem
664 3745 769 3809 occidit
780 3745 904 3804 Orestes.
