<?xml version="1.0" encoding="UTF-8"?>
<!DOCTYPE html PUBLIC "-//W3C//DTD XHTML 1.0 Transitional//EN"
    "http://www.w3.org/TR/xhtml1/DTD/xhtml1-transitional.dtd">
<html xmlns="http://www.w3.org/1999/xhtml" xml:lang="en" lang="en">
 <head>
  <title>
</title>
<meta http-equiv="Content-Type" content="text/html;charset=utf-8" />
  <meta name='ocr-system' content='tesseract 3.04.00' />
  <meta name='ocr-capabilities' content='ocr_page ocr_carea ocr_par ocr_line ocrx_word'/>
</head>
<body>
  <div class='ocr_page' id='page_1' title='image "./quintihoratiifl00goulgoog_0141.png"; bbox 0 0 2444 4216; ppageno 0'>
   <div class='ocr_carea' id='block_1_1' title="bbox 179 210 827 279">
    <p class='ocr_par' dir='ltr' id='par_1_1' title="bbox 179 210 827 279">
     <span class='ocr_line' id='line_1_1' title="bbox 179 210 827 279; baseline -0.032 0"><span class='ocrx_word' id='word_1_1' title='bbox 179 219 236 279; x_wconf 76' lang='lat'>182</span> <span class='ocrx_word' id='word_1_2' title='bbox 496 214 529 271; x_wconf 74' lang='lat' dir='ltr'>a.</span> <span class='ocrx_word' id='word_1_3' title='bbox 546 213 689 263; x_wconf 71' lang='lat' dir='ltr'>nonanti</span> <span class='ocrx_word' id='word_1_4' title='bbox 705 210 827 262; x_wconf 71' lang='lat' dir='ltr'>suasor</span> 
     </span>
    </p>
   </div>
   <div class='ocr_carea' id='block_1_2' title="bbox 216 348 1020 527">
    <p class='ocr_par' dir='ltr' id='par_1_2' title="bbox 216 348 1020 527">
     <span class='ocr_line' id='line_1_2' title="bbox 216 348 986 435; baseline -0.009 -19"><span class='ocrx_word' id='word_1_5' title='bbox 216 359 277 418; x_wconf 77' lang='lat' dir='ltr'>Aut</span> <span class='ocrx_word' id='word_1_6' title='bbox 289 358 423 435; x_wconf 73' lang='lat' dir='ltr'>apotheos</span> <span class='ocrx_word' id='word_1_7' title='bbox 436 356 528 432; x_wconf 81' lang='lat' dir='ltr'>procis</span> <span class='ocrx_word' id='word_1_8' title='bbox 540 355 646 413; x_wconf 78' lang='lat' dir='ltr'>intaeta</span> <span class='ocrx_word' id='word_1_9' title='bbox 656 365 711 426; x_wconf 51' lang='lat' dir='ltr'>¹ast,</span> <span class='ocrx_word' id='word_1_10' title='bbox 724 365 774 412; x_wconf 88' lang='lat' dir='ltr'>ant</span> <span class='ocrx_word' id='word_1_11' title='bbox 785 372 889 430; x_wconf 67' lang='lat' dir='ltr'>persas:</span> <span class='ocrx_word' id='word_1_12' title='bbox 910 348 986 429; x_wconf 65' lang='lat' dir='ltr'>atqui</span> 
     </span>
     <span class='ocr_line' id='line_1_3' title="bbox 216 433 1020 527; baseline -0.006 -31"><span class='ocrx_word' id='word_1_13' title='bbox 216 438 254 496; x_wconf 88' lang='lat' dir='ltr'>Et</span> <span class='ocrx_word' id='word_1_14' title='bbox 266 457 364 514; x_wconf 83' lang='lat' dir='ltr'>genus,</span> <span class='ocrx_word' id='word_1_15' title='bbox 378 446 406 494; x_wconf 88' lang='lat' dir='ltr'>et</span> <span class='ocrx_word' id='word_1_16' title='bbox 418 435 514 506; x_wconf 82' lang='lat' dir='ltr'>virtus,</span> <span class='ocrx_word' id='word_1_17' title='bbox 526 435 581 492; x_wconf 86' lang='lat' dir='ltr'>nisi</span> <span class='ocrx_word' id='word_1_18' title='bbox 594 452 660 492; x_wconf 88' lang='lat' dir='ltr'>oum</span> <span class='ocrx_word' id='word_1_19' title='bbox 673 453 714 506; x_wconf 86' lang='lat' dir='ltr'>ro,</span> <span class='ocrx_word' id='word_1_20' title='bbox 727 434 806 492; x_wconf 84' lang='lat' dir='ltr'>vilior</span> <span class='ocrx_word' id='word_1_21' title='bbox 819 433 944 527; x_wconf 73' lang='lat' dir='ltr'>ulgdest</span> <span class='ocrx_word' id='word_1_22' title='bbox 1017 484 1020 491; x_wconf 34' lang='lat'>&lt;</span> 
     </span>
    </p>
   </div>
   <div class='ocr_carea' id='block_1_3' title="bbox 594 602 723 637">
    <p class='ocr_par' dir='ltr' id='par_1_3' title="bbox 594 602 723 637">
     <span class='ocr_line' id='line_1_4' title="bbox 594 602 723 637; baseline -0.008 -2"><span class='ocrx_word' id='word_1_23' title='bbox 594 602 723 637; x_wconf 64' lang='grc' dir='ltr'>ῊΙΗῙΔΒ.</span> 
     </span>
    </p>
   </div>
   <div class='ocr_carea' id='block_1_4' title="bbox 214 682 1147 1390">
    <p class='ocr_par' dir='ltr' id='par_1_4' title="bbox 215 682 927 759">
     <span class='ocr_line' id='line_1_5' title="bbox 215 682 927 759; baseline -0.004 -18"><span class='ocrx_word' id='word_1_24' title='bbox 215 685 340 748; x_wconf 82' lang='lat' dir='ltr'><strong>Quando</strong></span> <span class='ocrx_word' id='word_1_25' title='bbox 351 683 523 759; x_wconf 80' lang='lat' dir='ltr'>pauperiem,</span> <span class='ocrx_word' id='word_1_26' title='bbox 531 682 626 740; x_wconf 88' lang='lat' dir='ltr'>missis</span> <span class='ocrx_word' id='word_1_27' title='bbox 636 682 808 758; x_wconf 77' lang='lat' dir='ltr'>ambagibus,</span> <span class='ocrx_word' id='word_1_28' title='bbox 821 682 927 752; x_wconf 83' lang='lat' dir='ltr'>horres,</span> 
     </span>
    </p>

    <p class='ocr_par' dir='ltr' id='par_1_5' title="bbox 215 759 1147 996">
     <span class='ocr_line' id='line_1_6' title="bbox 216 759 1147 839; baseline -0.002 -19"><span class='ocrx_word' id='word_1_29' title='bbox 216 764 323 839; x_wconf 83' lang='lat' dir='ltr'>Aooipe</span> <span class='ocrx_word' id='word_1_30' title='bbox 336 761 391 837; x_wconf 75' lang='lat' dir='ltr'>qud</span> <span class='ocrx_word' id='word_1_31' title='bbox 404 763 511 820; x_wconf 82' lang='lat' dir='ltr'>ratione</span> <span class='ocrx_word' id='word_1_32' title='bbox 524 779 610 836; x_wconf 88' lang='lat' dir='ltr'>queas</span> <span class='ocrx_word' id='word_1_33' title='bbox 623 762 768 818; x_wconf 77' lang='lat' dir='ltr'>ditescere.</span> <span class='ocrx_word' id='word_1_34' title='bbox 808 759 924 817; x_wconf 85' lang='lat' dir='ltr'>Turdus</span> <span class='ocrx_word' id='word_1_35' title='bbox 1112 761 1147 818; x_wconf 88' lang='lat' dir='ltr'>lo</span> 
     </span>
     <span class='ocr_line' id='line_1_7' title="bbox 216 838 1082 916; baseline -0.006 -18"><span class='ocrx_word' id='word_1_36' title='bbox 216 842 282 899; x_wconf 84' lang='lat' dir='ltr'>Sive</span> <span class='ocrx_word' id='word_1_37' title='bbox 296 842 371 898; x_wconf 83' lang='lat' dir='ltr'>uliud</span> <span class='ocrx_word' id='word_1_38' title='bbox 384 841 494 916; x_wconf 85' lang='lat' dir='ltr'>privum</span> <span class='ocrx_word' id='word_1_39' title='bbox 501 841 618 898; x_wconf 76' lang='lat' dir='ltr'>&#39;dabitur</span> <span class='ocrx_word' id='word_1_40' title='bbox 628 841 698 908; x_wconf 79' lang='lat' dir='ltr'>tibi3</span> <span class='ocrx_word' id='word_1_41' title='bbox 719 838 827 897; x_wconf 82' lang='lat' dir='ltr'><strong>devolet</strong></span> <span class='ocrx_word' id='word_1_42' title='bbox 840 839 919 895; x_wconf 84' lang='lat' dir='ltr'>illuu-</span> <span class='ocrx_word' id='word_1_43' title='bbox 1080 907 1082 911; x_wconf 23' lang='grc' dir='ltr'>Ι</span> 
     </span>
     <span class='ocr_line' id='line_1_8' title="bbox 215 916 1042 996; baseline -0.005 -19"><span class='ocrx_word' id='word_1_44' title='bbox 215 919 277 978; x_wconf 83' lang='lat' dir='ltr'>Res</span> <span class='ocrx_word' id='word_1_45' title='bbox 289 920 338 976; x_wconf 94' lang='lat' dir='ltr'>ubi</span> <span class='ocrx_word' id='word_1_46' title='bbox 351 938 453 996; x_wconf 84' lang='lat' dir='ltr'>magna</span> <span class='ocrx_word' id='word_1_47' title='bbox 466 919 546 990; x_wconf 88' lang='lat' dir='ltr'>nitet,</span> <span class='ocrx_word' id='word_1_48' title='bbox 560 918 675 976; x_wconf 86' lang='lat' dir='ltr'>domino</span> <span class='ocrx_word' id='word_1_49' title='bbox 688 937 769 987; x_wconf 88' lang='lat' dir='ltr'>sene;</span> <span class='ocrx_word' id='word_1_50' title='bbox 789 916 883 974; x_wconf 82' lang='lat' dir='ltr'>dulcia</span> <span class='ocrx_word' id='word_1_51' title='bbox 895 935 988 993; x_wconf 89' lang='lat' dir='ltr'>poma,</span> <span class='ocrx_word' id='word_1_52' title='bbox 1039 960 1042 964; x_wconf 82' lang='grc'><strong>-</strong></span> 
     </span>
    </p>

    <p class='ocr_par' dir='ltr' id='par_1_6' title="bbox 216 996 955 1132">
     <span class='ocr_line' id='line_1_9' title="bbox 216 996 955 1132; baseline -0.003 -76"><span class='ocrx_word' id='word_1_53' title='bbox 216 999 254 1056; x_wconf 83' lang='lat' dir='ltr'>Et</span> <span class='ocrx_word' id='word_1_54' title='bbox 266 1016 444 1074; x_wconf 80' lang='lat' dir='ltr'>quoscunque</span> <span class='ocrx_word' id='word_1_55' title='bbox 457 997 527 1056; x_wconf 83' lang='lat' dir='ltr'>feret</span> <span class='ocrx_word' id='word_1_56' title='bbox 539 997 631 1054; x_wconf 82' lang='lat' dir='ltr'>uultus</span> <span class='ocrx_word' id='word_1_57' title='bbox 644 998 694 1055; x_wconf 93' lang='lat' dir='ltr'>tibi</span> <span class='ocrx_word' id='word_1_58' title='bbox 710 997 813 1132; x_wconf 40' lang='lat' dir='ltr'>{udus</span> <span class='ocrx_word' id='word_1_59' title='bbox 827 996 955 1068; x_wconf 80' lang='lat' dir='ltr'>honores,</span> 
     </span>
    </p>

    <p class='ocr_par' dir='ltr' id='par_1_7' title="bbox 216 1075 953 1152">
     <span class='ocr_line' id='line_1_10' title="bbox 216 1075 953 1152; baseline -0.007 -18"><span class='ocrx_word' id='word_1_60' title='bbox 216 1079 293 1135; x_wconf 83' lang='lat' dir='ltr'><strong>Ante</strong></span> <span class='ocrx_word' id='word_1_61' title='bbox 307 1077 406 1143; x_wconf 79' lang='lat' dir='ltr'>Larem</span> <span class='ocrx_word' id='word_1_62' title='bbox 421 1089 513 1152; x_wconf 82' lang='lat' dir='ltr'>gustet</span> <span class='ocrx_word' id='word_1_63' title='bbox 527 1076 709 1133; x_wconf 84' lang='lat' dir='ltr'>venerabilior</span> <span class='ocrx_word' id='word_1_64' title='bbox 748 1095 794 1132; x_wconf 88' lang='lat' dir='ltr'>are</span> <span class='ocrx_word' id='word_1_65' title='bbox 807 1075 903 1131; x_wconf 79' lang='lat' dir='ltr'>dives:</span> <span class='ocrx_word' id='word_1_66' title='bbox 948 1075 953 1082; x_wconf 82' lang='lat'><em>&#39;</em></span> 
     </span>
    </p>

    <p class='ocr_par' dir='ltr' id='par_1_8' title="bbox 214 1152 1146 1312">
     <span class='ocr_line' id='line_1_11' title="bbox 214 1152 1146 1232; baseline -0.003 -17"><span class='ocrx_word' id='word_1_67' title='bbox 214 1156 276 1217; x_wconf 81' lang='lat' dir='ltr'>Qui</span> <span class='ocrx_word' id='word_1_68' title='bbox 289 1157 413 1230; x_wconf 85' lang='lat' dir='ltr'>quamvis</span> <span class='ocrx_word' id='word_1_69' title='bbox 425 1155 552 1232; x_wconf 84' lang='lat' dir='ltr'>perjurus</span> <span class='ocrx_word' id='word_1_70' title='bbox 565 1155 626 1229; x_wconf 87' lang='lat' dir='ltr'>erit,</span> <span class='ocrx_word' id='word_1_71' title='bbox 641 1155 701 1211; x_wconf 91' lang='lat' dir='ltr'>sine</span> <span class='ocrx_word' id='word_1_72' title='bbox 715 1167 809 1230; x_wconf 83' lang='lat' dir='ltr'>gente,</span> <span class='ocrx_word' id='word_1_73' title='bbox 822 1162 956 1210; x_wconf 81' lang='lat' dir='ltr'>cruentus</span> <span class='ocrx_word' id='word_1_74' title='bbox 1056 1152 1058 1155; x_wconf 69' lang='grc'>’</span> <span class='ocrx_word' id='word_1_75' title='bbox 1111 1154 1146 1212; x_wconf 81' lang='grc'>15</span> 
     </span>
     <span class='ocr_line' id='line_1_12' title="bbox 217 1231 888 1312; baseline -0.006 -20"><span class='ocrx_word' id='word_1_76' title='bbox 217 1235 362 1312; x_wconf 81' lang='lat' dir='ltr'>Sanguine</span> <span class='ocrx_word' id='word_1_77' title='bbox 375 1234 505 1308; x_wconf 82' lang='lat' dir='ltr'>fraterno,</span> <span class='ocrx_word' id='word_1_78' title='bbox 519 1234 670 1311; x_wconf 82' lang='lat' dir='ltr'>fugitivus;</span> <span class='ocrx_word' id='word_1_79' title='bbox 690 1252 727 1290; x_wconf 90' lang='lat' dir='ltr'>ne</span> <span class='ocrx_word' id='word_1_80' title='bbox 741 1244 835 1290; x_wconf 83' lang='lat' dir='ltr'>tomen</span> <span class='ocrx_word' id='word_1_81' title='bbox 848 1231 888 1288; x_wconf 86' lang='lat' dir='ltr'>iili</span> 
     </span>
    </p>

    <p class='ocr_par' dir='ltr' id='par_1_9' title="bbox 216 1313 883 1390">
     <span class='ocr_line' id='line_1_13' title="bbox 216 1313 883 1390; baseline -0.004 -20"><span class='ocrx_word' id='word_1_82' title='bbox 216 1313 265 1370; x_wconf 86' lang='lat' dir='ltr'>Tu</span> <span class='ocrx_word' id='word_1_83' title='bbox 278 1332 373 1372; x_wconf 84' lang='lat' dir='ltr'>eomes</span> <span class='ocrx_word' id='word_1_84' title='bbox 385 1313 516 1386; x_wconf 82' lang='lat' dir='ltr'>exterior,</span> <span class='ocrx_word' id='word_1_85' title='bbox 530 1313 554 1370; x_wconf 90' lang='lat' dir='ltr'>si</span> <span class='ocrx_word' id='word_1_86' title='bbox 566 1313 696 1390; x_wconf 86' lang='lat' dir='ltr'>postulet,</span> <span class='ocrx_word' id='word_1_87' title='bbox 710 1313 750 1370; x_wconf 86' lang='lat' dir='ltr'>ire</span> <span class='ocrx_word' id='word_1_88' title='bbox 763 1329 883 1369; x_wconf 81' lang='lat' dir='ltr'><strong>recuses.</strong></span> 
     </span>
    </p>
   </div>
   <div class='ocr_carea' id='block_1_5' title="bbox 603 1480 719 1514">
    <p class='ocr_par' dir='ltr' id='par_1_10' title="bbox 603 1480 719 1514">
     <span class='ocr_line' id='line_1_14' title="bbox 603 1480 719 1514; baseline -0.017 0"><span class='ocrx_word' id='word_1_89' title='bbox 603 1480 719 1514; x_wconf 70' lang='lat' dir='ltr'>utussts.</span> 
     </span>
    </p>
   </div>
   <div class='ocr_carea' id='block_1_6' title="bbox 158 1535 980 1722">
    <p class='ocr_par' dir='ltr' id='par_1_11' title="bbox 158 1535 980 1722">
     <span class='ocr_line' id='line_1_15' title="bbox 216 1535 980 1643; baseline -0.003 -19"><span class='ocrx_word' id='word_1_90' title='bbox 216 1566 291 1625; x_wconf 88' lang='lat' dir='ltr'>Utna</span> <span class='ocrx_word' id='word_1_91' title='bbox 304 1577 396 1642; x_wconf 83' lang='lat' dir='ltr'>tegam</span> <span class='ocrx_word' id='word_1_92' title='bbox 408 1585 510 1643; x_wconf 81' lang='lat' dir='ltr'>spureo</span> <span class='ocrx_word' id='word_1_93' title='bbox 522 1535 620 1623; x_wconf 76' lang='lat' dir='ltr'>Damae</span> <span class='ocrx_word' id='word_1_94' title='bbox 634 1567 726 1624; x_wconf 70' lang='lat' dir='ltr'>latus?</span> <span class='ocrx_word' id='word_1_95' title='bbox 746 1568 822 1628; x_wconf 87' lang='lat' dir='ltr'>haud</span> <span class='ocrx_word' id='word_1_96' title='bbox 834 1567 873 1623; x_wconf 90' lang='lat' dir='ltr'>ita</span> <span class='ocrx_word' id='word_1_97' title='bbox 886 1563 980 1641; x_wconf 79' lang='lat' dir='ltr'>Trojae</span> 
     </span>
     <span class='ocr_line' id='line_1_16' title="bbox 158 1644 889 1722; baseline 0.001 -20"><span class='ocrx_word' id='word_1_98' title='bbox 158 1660 159 1663; x_wconf 73' lang='grc'>’</span> <span class='ocrx_word' id='word_1_99' title='bbox 216 1644 266 1703; x_wconf 88' lang='lat' dir='ltr'>Me</span> <span class='ocrx_word' id='word_1_100' title='bbox 280 1645 364 1722; x_wconf 85' lang='lat' dir='ltr'>gessi,</span> <span class='ocrx_word' id='word_1_101' title='bbox 377 1657 488 1704; x_wconf 77' lang='lat' dir='ltr'>certans</span> <span class='ocrx_word' id='word_1_102' title='bbox 501 1665 609 1722; x_wconf 78' lang='lat' dir='ltr'>semper</span> <span class='ocrx_word' id='word_1_103' title='bbox 623 1647 791 1705; x_wconf 89' lang='lat' dir='ltr'>melioribus.</span> <span class='ocrx_word' id='word_1_104' title='bbox 881 1648 889 1660; x_wconf 79' lang='grc'><strong><em>”</em></strong></span> 
     </span>
    </p>
   </div>
   <div class='ocr_carea' id='block_1_7' title="bbox 558 1776 728 1830">
    <p class='ocr_par' dir='ltr' id='par_1_12' title="bbox 558 1776 728 1830">
     <span class='ocr_line' id='line_1_17' title="bbox 558 1776 728 1830; baseline -0.006 -2"><span class='ocrx_word' id='word_1_105' title='bbox 558 1776 568 1797; x_wconf 80' lang='grc'><strong>“</strong></span> <span class='ocrx_word' id='word_1_106' title='bbox 598 1795 728 1830; x_wconf 74' lang='lat' dir='ltr'>arianam.</span> 
     </span>
    </p>
   </div>
   <div class='ocr_carea' id='block_1_8' title="bbox 835 1881 912 1961">
    <p class='ocr_par' dir='ltr' id='par_1_13' title="bbox 835 1881 912 1961">
     <span class='ocr_line' id='line_1_18' title="bbox 835 1881 912 1961; baseline 0 -20"><span class='ocrx_word' id='word_1_107' title='bbox 835 1881 912 1961; x_wconf 81' lang='lat' dir='ltr'>Ergo</span> 
     </span>
    </p>
   </div>
   <div class='ocr_carea' id='block_1_9' title="bbox 216 1958 400 2040">
    <p class='ocr_par' dir='ltr' id='par_1_14' title="bbox 216 1958 400 2040">
     <span class='ocr_line' id='line_1_19' title="bbox 216 1958 400 2040; baseline 0.011 -23"><span class='ocrx_word' id='word_1_108' title='bbox 216 1958 400 2040; x_wconf 79' lang='lat' dir='ltr'>Paupereris</span> 
     </span>
    </p>
   </div>
   <div class='ocr_carea' id='block_1_10' title="bbox 604 2109 719 2156">
    <p class='ocr_par' dir='ltr' id='par_1_15' title="bbox 604 2109 719 2156">
     <span class='ocr_line' id='line_1_20' title="bbox 604 2109 719 2156; baseline 0 -13"><span class='ocrx_word' id='word_1_109' title='bbox 604 2109 719 2156; x_wconf 71' lang='lat' dir='ltr'>uprsass.</span> 
     </span>
    </p>
   </div>
   <div class='ocr_carea' id='block_1_11' title="bbox 216 2192 1148 2428">
    <p class='ocr_par' dir='ltr' id='par_1_16' title="bbox 216 2192 1148 2428">
     <span class='ocr_line' id='line_1_21' title="bbox 447 2192 1148 2273; baseline 0.006 -23"><span class='ocrx_word' id='word_1_110' title='bbox 447 2192 559 2252; x_wconf 78' lang='lat' dir='ltr'>Fortem</span> <span class='ocrx_word' id='word_1_111' title='bbox 575 2195 628 2253; x_wconf 88' lang='lat' dir='ltr'>hoo</span> <span class='ocrx_word' id='word_1_112' title='bbox 642 2192 770 2254; x_wconf 89' lang='lat' dir='ltr'>animum</span> <span class='ocrx_word' id='word_1_113' title='bbox 780 2196 898 2254; x_wconf 80' lang='lat' dir='ltr'>tolerare</span> <span class='ocrx_word' id='word_1_114' title='bbox 909 2196 1029 2273; x_wconf 85' lang='lat' dir='ltr'>jubebo:</span> <span class='ocrx_word' id='word_1_115' title='bbox 1107 2195 1148 2254; x_wconf 74' lang='lat'>2⁰</span> 
     </span>
     <span class='ocr_line' id='line_1_22' title="bbox 216 2269 1139 2350; baseline 0.009 -22"><span class='ocrx_word' id='word_1_116' title='bbox 216 2269 254 2328; x_wconf 77' lang='lat' dir='ltr'>Et</span> <span class='ocrx_word' id='word_1_117' title='bbox 266 2271 404 2346; x_wconf 84' lang='lat' dir='ltr'>quondam</span> <span class='ocrx_word' id='word_1_118' title='bbox 419 2273 523 2349; x_wconf 82' lang='lat' dir='ltr'>majora</span> <span class='ocrx_word' id='word_1_119' title='bbox 536 2273 595 2330; x_wconf 91' lang='lat' dir='ltr'>tuli.</span> <span class='ocrx_word' id='word_1_120' title='bbox 636 2273 684 2331; x_wconf 86' lang='lat' dir='ltr'>Tu</span> <span class='ocrx_word' id='word_1_121' title='bbox 697 2286 839 2350; x_wconf 89' lang='lat' dir='ltr'>protenus,</span> <span class='ocrx_word' id='word_1_122' title='bbox 854 2277 930 2334; x_wconf 88' lang='lat' dir='ltr'>unde</span> <span class='ocrx_word' id='word_1_123' title='bbox 1135 2269 1139 2293; x_wconf 76' lang='lat'>¹</span> 
     </span>
     <span class='ocr_line' id='line_1_23' title="bbox 217 2348 887 2428; baseline 0.006 -22"><span class='ocrx_word' id='word_1_124' title='bbox 217 2348 336 2407; x_wconf 78' lang='lat' dir='ltr'>Divitias</span> <span class='ocrx_word' id='word_1_125' title='bbox 351 2349 466 2425; x_wconf 83' lang='lat' dir='ltr'>aerisque</span> <span class='ocrx_word' id='word_1_126' title='bbox 480 2370 569 2424; x_wconf 88' lang='lat' dir='ltr'>ruam,</span> <span class='ocrx_word' id='word_1_127' title='bbox 583 2353 639 2425; x_wconf 87' lang='lat' dir='ltr'>dio,</span> <span class='ocrx_word' id='word_1_128' title='bbox 654 2372 752 2428; x_wconf 85' lang='lat' dir='ltr'>augur,</span> <span class='ocrx_word' id='word_1_129' title='bbox 767 2372 887 2412; x_wconf 84' lang='lat' dir='ltr'>aoerros.</span> 
     </span>
    </p>
   </div>
   <div class='ocr_carea' id='block_1_12' title="bbox 600 2501 728 2534">
    <p class='ocr_par' dir='ltr' id='par_1_17' title="bbox 600 2501 728 2534">
     <span class='ocr_line' id='line_1_24' title="bbox 600 2501 728 2534; baseline 0.008 -2"><span class='ocrx_word' id='word_1_130' title='bbox 600 2501 728 2534; x_wconf 70' lang='lat' dir='ltr'>’arnustus</span> 
     </span>
    </p>
   </div>
   <div class='ocr_carea' id='block_1_13' title="bbox 184 2584 1147 3845">
    <p class='ocr_par' dir='ltr' id='par_1_18' title="bbox 216 2584 945 2664">
     <span class='ocr_line' id='line_1_25' title="bbox 216 2584 945 2664; baseline 0.007 -23"><span class='ocrx_word' id='word_1_131' title='bbox 216 2584 283 2642; x_wconf 87' lang='lat' dir='ltr'>Dixi</span> <span class='ocrx_word' id='word_1_132' title='bbox 296 2585 436 2660; x_wconf 89' lang='lat' dir='ltr'>equidem,</span> <span class='ocrx_word' id='word_1_133' title='bbox 449 2597 478 2643; x_wconf 90' lang='lat' dir='ltr'>et</span> <span class='ocrx_word' id='word_1_134' title='bbox 491 2586 562 2645; x_wconf 87' lang='lat' dir='ltr'>dioo.</span> <span class='ocrx_word' id='word_1_135' title='bbox 602 2586 708 2664; x_wconf 79' lang='lat' dir='ltr'>Captos</span> <span class='ocrx_word' id='word_1_136' title='bbox 720 2598 828 2644; x_wconf 88' lang='lat' dir='ltr'>astutus</span> <span class='ocrx_word' id='word_1_137' title='bbox 842 2588 945 2662; x_wconf 88' lang='lat' dir='ltr'>ubique</span> 
     </span>
    </p>

    <p class='ocr_par' dir='ltr' id='par_1_19' title="bbox 184 2665 1147 3845">
     <span class='ocr_line' id='line_1_26' title="bbox 184 2665 952 2736; baseline 0.001 -14"><span class='ocrx_word' id='word_1_138' title='bbox 184 2694 186 2698; x_wconf 96' lang='lat'>·</span> <span class='ocrx_word' id='word_1_139' title='bbox 216 2665 401 2722; x_wconf 73' lang='lat' dir='ltr'>Testamenta</span> <span class='ocrx_word' id='word_1_140' title='bbox 414 2684 531 2722; x_wconf 89' lang='lat' dir='ltr'>senum:</span> <span class='ocrx_word' id='word_1_141' title='bbox 554 2686 619 2736; x_wconf 90' lang='lat' dir='ltr'>neu,</span> <span class='ocrx_word' id='word_1_142' title='bbox 634 2665 657 2724; x_wconf 90' lang='lat' dir='ltr'>si</span> <span class='ocrx_word' id='word_1_143' title='bbox 671 2666 745 2724; x_wconf 85' lang='lat' dir='ltr'>vafer</span> <span class='ocrx_word' id='word_1_144' title='bbox 756 2686 829 2723; x_wconf 88' lang='lat' dir='ltr'>unus</span> <span class='ocrx_word' id='word_1_145' title='bbox 842 2677 870 2723; x_wconf 93' lang='lat' dir='ltr'>et</span> <span class='ocrx_word' id='word_1_146' title='bbox 884 2668 952 2725; x_wconf 86' lang='lat' dir='ltr'>alter</span> 
     </span>
     <span class='ocr_line' id='line_1_27' title="bbox 216 2742 1147 2820; baseline 0.004 -20"><span class='ocrx_word' id='word_1_147' title='bbox 216 2742 319 2802; x_wconf 80' lang='lat' dir='ltr'>Insidia</span> <span class='ocrx_word' id='word_1_148' title='bbox 337 2762 411 2800; x_wconf 89' lang='lat' dir='ltr'>orem</span> <span class='ocrx_word' id='word_1_149' title='bbox 425 2762 545 2818; x_wconf 84' lang='lat' dir='ltr'>praeroso</span> <span class='ocrx_word' id='word_1_150' title='bbox 559 2745 667 2820; x_wconf 82' lang='lat' dir='ltr'>fugeret</span> <span class='ocrx_word' id='word_1_151' title='bbox 680 2747 772 2814; x_wconf 83' lang='lat' dir='ltr'>harno,</span> <span class='ocrx_word' id='word_1_152' title='bbox 1106 2745 1147 2804; x_wconf 72' lang='lat'>25</span> 
     </span>
     <span class='ocr_line' id='line_1_28' title="bbox 218 2822 915 2897; baseline 0.001 -18"><span class='ocrx_word' id='word_1_153' title='bbox 218 2823 276 2879; x_wconf 83' lang='lat' dir='ltr'>Aut</span> <span class='ocrx_word' id='word_1_154' title='bbox 289 2841 366 2897; x_wconf 87' lang='lat' dir='ltr'>spem</span> <span class='ocrx_word' id='word_1_155' title='bbox 380 2822 512 2896; x_wconf 88' lang='lat' dir='ltr'>deponas,</span> <span class='ocrx_word' id='word_1_156' title='bbox 527 2834 574 2879; x_wconf 89' lang='lat' dir='ltr'>aut</span> <span class='ocrx_word' id='word_1_157' title='bbox 588 2836 673 2880; x_wconf 87' lang='lat' dir='ltr'>artem</span> <span class='ocrx_word' id='word_1_158' title='bbox 688 2825 785 2881; x_wconf 84' lang='lat' dir='ltr'>illusus</span> <span class='ocrx_word' id='word_1_159' title='bbox 797 2840 915 2884; x_wconf 75' lang='lat' dir='ltr'>omittas.</span> 
     </span>
     <span class='ocr_line' id='line_1_29' title="bbox 217 2899 875 2977; baseline 0.003 -21"><span class='ocrx_word' id='word_1_160' title='bbox 217 2899 324 2976; x_wconf 85' lang='lat' dir='ltr'>Magna</span> <span class='ocrx_word' id='word_1_161' title='bbox 337 2901 460 2958; x_wconf 86' lang='lat' dir='ltr'>minorve</span> <span class='ocrx_word' id='word_1_162' title='bbox 471 2901 529 2960; x_wconf 86' lang='lat' dir='ltr'>foro</span> <span class='ocrx_word' id='word_1_163' title='bbox 543 2901 566 2957; x_wconf 90' lang='lat' dir='ltr'>si</span> <span class='ocrx_word' id='word_1_164' title='bbox 578 2919 621 2957; x_wconf 87' lang='lat' dir='ltr'>res</span> <span class='ocrx_word' id='word_1_165' title='bbox 635 2904 785 2960; x_wconf 82' lang='lat' dir='ltr'>certabitur</span> <span class='ocrx_word' id='word_1_166' title='bbox 798 2903 875 2977; x_wconf 86' lang='lat' dir='ltr'>olim,</span> 
     </span>
     <span class='ocr_line' id='line_1_30' title="bbox 216 2979 1021 3059; baseline 0.006 -23"><span class='ocrx_word' id='word_1_167' title='bbox 216 2979 300 3036; x_wconf 88' lang='lat' dir='ltr'>Vivet</span> <span class='ocrx_word' id='word_1_168' title='bbox 313 2991 373 3037; x_wconf 85' lang='lat' dir='ltr'>uter</span> <span class='ocrx_word' id='word_1_169' title='bbox 386 2979 508 3057; x_wconf 80' lang='lat' dir='ltr'>locuples</span> <span class='ocrx_word' id='word_1_170' title='bbox 522 2980 582 3038; x_wconf 90' lang='lat' dir='ltr'>sine</span> <span class='ocrx_word' id='word_1_171' title='bbox 594 2981 696 3059; x_wconf 82' lang='lat' dir='ltr'>gnatis,</span> <span class='ocrx_word' id='word_1_172' title='bbox 710 2981 850 3058; x_wconf 90' lang='lat' dir='ltr'>improbus</span> <span class='ocrx_word' id='word_1_173' title='bbox 864 2982 935 3040; x_wconf 89' lang='lat' dir='ltr'>ultro</span> <span class='ocrx_word' id='word_1_174' title='bbox 964 3051 966 3053; x_wconf 16' lang='lat'><strong><em>¹</em></strong></span> <span class='ocrx_word' id='word_1_175' title='bbox 1015 2986 1021 2992; x_wconf 82' lang='grc'><strong>’</strong></span> 
     </span>
     <span class='ocr_line' id='line_1_31' title="bbox 215 3056 915 3137; baseline 0.004 -21"><span class='ocrx_word' id='word_1_176' title='bbox 215 3056 276 3116; x_wconf 79' lang='lat' dir='ltr'>Qui</span> <span class='ocrx_word' id='word_1_177' title='bbox 291 3059 432 3116; x_wconf 90' lang='lat' dir='ltr'>meliorem</span> <span class='ocrx_word' id='word_1_178' title='bbox 447 3061 539 3118; x_wconf 84' lang='lat' dir='ltr'>audax</span> <span class='ocrx_word' id='word_1_179' title='bbox 553 3071 633 3118; x_wconf 86' lang='lat' dir='ltr'>vooet</span> <span class='ocrx_word' id='word_1_180' title='bbox 646 3062 675 3118; x_wconf 91' lang='lat' dir='ltr'>in</span> <span class='ocrx_word' id='word_1_181' title='bbox 686 3061 747 3137; x_wconf 88' lang='lat' dir='ltr'>jus;</span> <span class='ocrx_word' id='word_1_182' title='bbox 768 3061 842 3118; x_wconf 88' lang='lat' dir='ltr'>iilius</span> <span class='ocrx_word' id='word_1_183' title='bbox 855 3072 915 3120; x_wconf 93' lang='lat' dir='ltr'>esto</span> 
     </span>
     <span class='ocr_line' id='line_1_32' title="bbox 217 3132 1146 3216; baseline 0.009 -28"><span class='ocrx_word' id='word_1_184' title='bbox 217 3132 368 3193; x_wconf 85' lang='lat' dir='ltr'>Defensor:</span> <span class='ocrx_word' id='word_1_185' title='bbox 390 3138 463 3194; x_wconf 76' lang='lat' dir='ltr'>samri</span> <span class='ocrx_word' id='word_1_186' title='bbox 477 3140 565 3195; x_wconf 82' lang='lat' dir='ltr'>civem</span> <span class='ocrx_word' id='word_1_187' title='bbox 585 3141 724 3215; x_wconf 72' lang='lat' dir='ltr'>oausdque</span> <span class='ocrx_word' id='word_1_188' title='bbox 737 3141 856 3216; x_wconf 88' lang='lat' dir='ltr'>priorem</span> <span class='ocrx_word' id='word_1_189' title='bbox 1108 3139 1146 3196; x_wconf 83' lang='lat'>30</span> 
     </span>
     <span class='ocr_line' id='line_1_33' title="bbox 218 3212 936 3293; baseline 0.011 -26"><span class='ocrx_word' id='word_1_190' title='bbox 218 3212 334 3285; x_wconf 81' lang='lat' dir='ltr'>Sperne,</span> <span class='ocrx_word' id='word_1_191' title='bbox 346 3215 420 3269; x_wconf 92' lang='lat' dir='ltr'>domi</span> <span class='ocrx_word' id='word_1_192' title='bbox 434 3215 457 3270; x_wconf 90' lang='lat' dir='ltr'>si</span> <span class='ocrx_word' id='word_1_193' title='bbox 471 3228 571 3288; x_wconf 85' lang='lat' dir='ltr'>gnatus</span> <span class='ocrx_word' id='word_1_194' title='bbox 584 3218 636 3274; x_wconf 90' lang='lat' dir='ltr'>erit</span> <span class='ocrx_word' id='word_1_195' title='bbox 650 3219 812 3275; x_wconf 82' lang='lat' dir='ltr'>foeoundave</span> <span class='ocrx_word' id='word_1_196' title='bbox 827 3218 936 3293; x_wconf 84' lang='lat' dir='ltr'>conjux.</span> 
     </span>
     <span class='ocr_line' id='line_1_34' title="bbox 217 3289 1133 3372; baseline 0.003 -23"><span class='ocrx_word' id='word_1_197' title='bbox 217 3294 235 3320; x_wconf 77' lang='lat'>‘⁶</span> <span class='ocrx_word' id='word_1_198' title='bbox 245 3289 381 3360; x_wconf 78' lang='lat' dir='ltr'>Quinte‚¹’</span> <span class='ocrx_word' id='word_1_199' title='bbox 396 3291 471 3365; x_wconf 86' lang='lat' dir='ltr'>puta,</span> <span class='ocrx_word' id='word_1_200' title='bbox 486 3304 534 3349; x_wconf 86' lang='lat' dir='ltr'>aut</span> <span class='ocrx_word' id='word_1_201' title='bbox 547 3299 564 3322; x_wconf 89' lang='lat'><strong>“</strong></span> <span class='ocrx_word' id='word_1_202' title='bbox 575 3295 685 3369; x_wconf 89' lang='lat' dir='ltr'>Publi,&#39;&#39;</span> <span class='ocrx_word' id='word_1_203' title='bbox 702 3297 838 3372; x_wconf 84' lang='lat' dir='ltr'>(gaudent</span> <span class='ocrx_word' id='word_1_204' title='bbox 852 3296 1023 3371; x_wconf 74' lang='lat' dir='ltr'>praenomine</span> <span class='ocrx_word' id='word_1_205' title='bbox 1036 3295 1133 3355; x_wconf 88' lang='lat' dir='ltr'>molles</span> 
     </span>
     <span class='ocr_line' id='line_1_35' title="bbox 218 3368 1050 3447; baseline 0.01 -22"><span class='ocrx_word' id='word_1_206' title='bbox 218 3368 385 3447; x_wconf 78' lang='lat' dir='ltr'>Auriculae,)</span> <span class='ocrx_word' id='word_1_207' title='bbox 400 3374 418 3399; x_wconf 89' lang='lat'><strong>“</strong></span> <span class='ocrx_word' id='word_1_208' title='bbox 433 3370 482 3427; x_wconf 90' lang='lat' dir='ltr'>tibi</span> <span class='ocrx_word' id='word_1_209' title='bbox 497 3389 542 3426; x_wconf 88' lang='lat' dir='ltr'>me</span> <span class='ocrx_word' id='word_1_210' title='bbox 555 3371 642 3428; x_wconf 85' lang='lat' dir='ltr'>virtus</span> <span class='ocrx_word' id='word_1_211' title='bbox 655 3385 704 3431; x_wconf 88' lang='lat' dir='ltr'>tua</span> <span class='ocrx_word' id='word_1_212' title='bbox 717 3375 783 3431; x_wconf 83' lang='lat' dir='ltr'>feeit</span> <span class='ocrx_word' id='word_1_213' title='bbox 796 3376 937 3432; x_wconf 85' lang='lat' dir='ltr'>amioum:</span> <span class='ocrx_word' id='word_1_214' title='bbox 1046 3382 1050 3388; x_wconf 77' lang='grc'><strong><em>’</em></strong></span> 
     </span>
     <span class='ocr_line' id='line_1_36' title="bbox 218 3447 888 3528; baseline 0.012 -24"><span class='ocrx_word' id='word_1_215' title='bbox 218 3447 236 3505; x_wconf 87' lang='lat' dir='ltr'>J</span> <span class='ocrx_word' id='word_1_216' title='bbox 239 3467 270 3504; x_wconf 85' lang='lat' dir='ltr'>us</span> <span class='ocrx_word' id='word_1_217' title='bbox 284 3466 387 3522; x_wconf 80' lang='lat' dir='ltr'>anceps</span> <span class='ocrx_word' id='word_1_218' title='bbox 401 3449 474 3520; x_wconf 89' lang='lat' dir='ltr'>novi,</span> <span class='ocrx_word' id='word_1_219' title='bbox 488 3467 586 3506; x_wconf 84' lang='lat' dir='ltr'>causas</span> <span class='ocrx_word' id='word_1_220' title='bbox 599 3451 749 3508; x_wconf 83' lang='lat' dir='ltr'>defendere</span> <span class='ocrx_word' id='word_1_221' title='bbox 762 3472 888 3528; x_wconf 89' lang='lat' dir='ltr'>possum:</span> 
     </span>
     <span class='ocr_line' id='line_1_37' title="bbox 218 3526 1145 3604; baseline 0.006 -20"><span class='ocrx_word' id='word_1_222' title='bbox 218 3527 326 3602; x_wconf 90' lang='lat' dir='ltr'>Eripiet</span> <span class='ocrx_word' id='word_1_223' title='bbox 338 3527 426 3602; x_wconf 87' lang='lat' dir='ltr'>quivis</span> <span class='ocrx_word' id='word_1_224' title='bbox 438 3529 533 3586; x_wconf 81' lang='lat' dir='ltr'>oculos</span> <span class='ocrx_word' id='word_1_225' title='bbox 546 3526 629 3585; x_wconf 77' lang='lat' dir='ltr'>eitius</span> <span class='ocrx_word' id='word_1_226' title='bbox 643 3529 720 3600; x_wconf 90' lang='lat' dir='ltr'>mihi,</span> <span class='ocrx_word' id='word_1_227' title='bbox 734 3529 818 3604; x_wconf 79' lang='lat' dir='ltr'>qudm</span> <span class='ocrx_word' id='word_1_228' title='bbox 832 3543 860 3589; x_wconf 89' lang='lat' dir='ltr'>te</span> <span class='ocrx_word' id='word_1_229' title='bbox 1107 3533 1145 3590; x_wconf 79' lang='lat'>35</span> 
     </span>
     <span class='ocr_line' id='line_1_38' title="bbox 218 3606 1055 3685; baseline 0.007 -22"><span class='ocrx_word' id='word_1_230' title='bbox 218 3606 415 3682; x_wconf 74' lang='lat' dir='ltr'>contemptum</span> <span class='ocrx_word' id='word_1_231' title='bbox 429 3609 509 3664; x_wconf 76' lang='lat' dir='ltr'>oassd</span> <span class='ocrx_word' id='word_1_232' title='bbox 522 3625 595 3664; x_wconf 86' lang='lat' dir='ltr'>nuoe</span> <span class='ocrx_word' id='word_1_233' title='bbox 608 3621 754 3682; x_wconf 86' lang='lat' dir='ltr'>pauperet:</span> <span class='ocrx_word' id='word_1_234' title='bbox 775 3611 836 3667; x_wconf 84' lang='lat' dir='ltr'>haeo</span> <span class='ocrx_word' id='word_1_235' title='bbox 850 3630 912 3668; x_wconf 85' lang='lat' dir='ltr'>mea</span> <span class='ocrx_word' id='word_1_236' title='bbox 923 3631 991 3668; x_wconf 83' lang='lat' dir='ltr'>eura</span> <span class='ocrx_word' id='word_1_237' title='bbox 1003 3622 1055 3685; x_wconf 85' lang='lat' dir='ltr'>est,</span> 
     </span>
     <span class='ocr_line' id='line_1_39' title="bbox 219 3684 1056 3765; baseline 0.006 -24"><span class='ocrx_word' id='word_1_238' title='bbox 219 3684 265 3741; x_wconf 90' lang='lat' dir='ltr'>Ne</span> <span class='ocrx_word' id='word_1_239' title='bbox 278 3685 347 3760; x_wconf 91' lang='lat' dir='ltr'>quid</span> <span class='ocrx_word' id='word_1_240' title='bbox 357 3695 387 3742; x_wconf 86' lang='lat' dir='ltr'>tu</span> <span class='ocrx_word' id='word_1_241' title='bbox 398 3687 506 3761; x_wconf 89' lang='lat' dir='ltr'>perdas,</span> <span class='ocrx_word' id='word_1_242' title='bbox 520 3703 576 3744; x_wconf 87' lang='lat' dir='ltr'>neu</span> <span class='ocrx_word' id='word_1_243' title='bbox 589 3687 628 3743; x_wconf 89' lang='lat' dir='ltr'>sis</span> <span class='ocrx_word' id='word_1_244' title='bbox 638 3687 745 3763; x_wconf 80' lang='lat' dir='ltr'>jocus.’&#39;</span> <span class='ocrx_word' id='word_1_245' title='bbox 787 3689 832 3747; x_wconf 89' lang='lat' dir='ltr'>Ire</span> <span class='ocrx_word' id='word_1_246' title='bbox 845 3691 960 3748; x_wconf 91' lang='lat' dir='ltr'>domum</span> <span class='ocrx_word' id='word_1_247' title='bbox 974 3701 1056 3765; x_wconf 84' lang='lat' dir='ltr'>atquo</span> 
     </span>
     <span class='ocr_line' id='line_1_40' title="bbox 218 3761 845 3845; baseline 0.013 -27"><span class='ocrx_word' id='word_1_248' title='bbox 218 3761 382 3824; x_wconf 79' lang='lat' dir='ltr'>Pellioulom</span> <span class='ocrx_word' id='word_1_249' title='bbox 395 3783 493 3823; x_wconf 83' lang='lat' dir='ltr'>ourare</span> <span class='ocrx_word' id='word_1_250' title='bbox 503 3766 586 3843; x_wconf 85' lang='lat' dir='ltr'>jube:</span> <span class='ocrx_word' id='word_1_251' title='bbox 606 3766 765 3844; x_wconf 82' lang='lat' dir='ltr'>fioognitor</span> <span class='ocrx_word' id='word_1_252' title='bbox 779 3769 845 3845; x_wconf 92' lang='lat' dir='ltr'>ipse.</span> 
     </span>
    </p>
   </div>
   <div class='ocr_carea' id='block_1_14' title="bbox 0 0 1227 4216">
    <p class='ocr_par' dir='ltr' id='par_1_20' title="bbox 0 0 1227 4216">
     <span class='ocr_line' id='line_1_41' title="bbox 0 0 1227 4216; baseline 0 0"><span class='ocrx_word' id='word_1_253' title='bbox 0 0 1227 4216; x_wconf 95' lang='lat' dir='ltr'> </span> 
     </span>
    </p>
   </div>
  </div>
 </body>
</html>
